<?xml version="1.0" encoding="UTF-8"?>
<!DOCTYPE html PUBLIC "-//W3C//DTD XHTML 1.0 Transitional//EN"
    "http://www.w3.org/TR/xhtml1/DTD/xhtml1-transitional.dtd">
<html xmlns="http://www.w3.org/1999/xhtml" xml:lang="en" lang="en">
 <head>
  <title>
</title>
<meta http-equiv="Content-Type" content="text/html;charset=utf-8" />
  <meta name='ocr-system' content='tesseract 3.04.00' />
  <meta name='ocr-capabilities' content='ocr_page ocr_carea ocr_par ocr_line ocrx_word'/>
</head>
<body>
  <div class='ocr_page' id='page_1' title='image "./puteolanahistori00capa/puteolanahistori00capa_0011.png"; bbox 0 0 2112 3214; ppageno 0'>
   <div class='ocr_carea' id='block_1_1' title="bbox 302 188 1696 267">
    <p class='ocr_par' dir='ltr' id='par_1_1' title="bbox 302 188 1696 267">
     <span class='ocr_line' id='line_1_1' title="bbox 302 188 1696 267; baseline 0.005 -7"><span class='ocrx_word' id='word_1_1' title='bbox 302 190 455 260; x_wconf 91' lang='lat' dir='ltr'><strong>AD</strong></span> <span class='ocrx_word' id='word_1_2' title='bbox 507 188 829 259; x_wconf 91' lang='lat' dir='ltr'>CIVES</span> <span class='ocrx_word' id='word_1_3' title='bbox 875 190 1696 267; x_wconf 87' lang='lat' dir='ltr'><strong>PVTEOLANOS.</strong></span> 
     </span>
    </p>
   </div>
   <div class='ocr_carea' id='block_1_2' title="bbox 0 329 1830 2544">
    <p class='ocr_par' dir='ltr' id='par_1_2' title="bbox 155 329 1830 1249">
     <span class='ocr_line' id='line_1_2' title="bbox 283 329 1830 422; baseline 0.006 -30"><span class='ocrx_word' id='word_1_4' title='bbox 283 398 296 413; x_wconf 31' lang='lat' dir='ltr'>x</span> <span class='ocrx_word' id='word_1_5' title='bbox 452 343 578 422; x_wconf 49' lang='grc' dir='ltr'><strong>,ἰῗμξ</strong></span> <span class='ocrx_word' id='word_1_6' title='bbox 607 345 655 394; x_wconf 94' lang='lat' dir='ltr'>O</span> <span class='ocrx_word' id='word_1_7' title='bbox 672 342 728 394; x_wconf 92' lang='lat' dir='ltr'>N</span> <span class='ocrx_word' id='word_1_8' title='bbox 768 356 827 394; x_wconf 92' lang='lat' dir='ltr'><strong>ea</strong></span> <span class='ocrx_word' id='word_1_9' title='bbox 841 329 1259 396; x_wconf 40' lang='lat' dir='ltr'><strong>debuerat&#39;vestra</strong></span> <span class='ocrx_word' id='word_1_10' title='bbox 1274 339 1370 398; x_wconf 80' lang='lat' dir='ltr'><strong>esse</strong></span> <span class='ocrx_word' id='word_1_11' title='bbox 1382 341 1588 397; x_wconf 87' lang='lat' dir='ltr'><strong>fortuna</strong></span> <span class='ocrx_word' id='word_1_12' title='bbox 1605 383 1622 407; x_wconf 86' lang='lat'>‚</span> <span class='ocrx_word' id='word_1_13' title='bbox 1648 361 1704 400; x_wconf 88' lang='lat' dir='ltr'><strong>vt</strong></span> <span class='ocrx_word' id='word_1_14' title='bbox 1717 363 1830 400; x_wconf 82' lang='lat' dir='ltr'><strong>om·-</strong></span> 
     </span>
     <span class='ocr_line' id='line_1_3' title="bbox 207 404 1829 488; baseline 0.002 -15"><span class='ocrx_word' id='word_1_15' title='bbox 207 404 215 422; x_wconf 64' lang='grc'><em>’</em></span> <span class='ocrx_word' id='word_1_16' title='bbox 317 419 335 428; x_wconf 73' lang='grc'>’</span> <span class='ocrx_word' id='word_1_17' title='bbox 358 467 381 487; x_wconf 18' lang='grc' dir='ltr'><strong>χ,</strong></span> <span class='ocrx_word' id='word_1_18' title='bbox 420 437 463 488; x_wconf 49' lang='grc' dir='ltr'><strong>,ς</strong></span> <span class='ocrx_word' id='word_1_19' title='bbox 477 418 506 486; x_wconf 53' lang='grc' dir='ltr'><strong>,ιζ’</strong></span> <span class='ocrx_word' id='word_1_20' title='bbox 626 435 745 470; x_wconf 88' lang='lat' dir='ltr'><strong>nem</strong></span> <span class='ocrx_word' id='word_1_21' title='bbox 760 416 978 488; x_wconf 83' lang='lat' dir='ltr'>gloriam</span> <span class='ocrx_word' id='word_1_22' title='bbox 992 435 1081 472; x_wconf 90' lang='lat' dir='ltr'><strong>aut</strong></span> <span class='ocrx_word' id='word_1_23' title='bbox 1095 415 1427 472; x_wconf 88' lang='lat' dir='ltr'><strong>barbarorum</strong></span> <span class='ocrx_word' id='word_1_24' title='bbox 1446 417 1607 484; x_wconf 77' lang='lat' dir='ltr'><strong>furor,</strong></span> <span class='ocrx_word' id='word_1_25' title='bbox 1625 438 1713 475; x_wconf 88' lang='lat' dir='ltr'><strong>aut</strong></span> <span class='ocrx_word' id='word_1_26' title='bbox 1731 438 1829 476; x_wconf 88' lang='lat' dir='ltr'><strong>ter·-</strong></span> 
     </span>
     <span class='ocr_line' id='line_1_4' title="bbox 264 492 1825 566; baseline 0.001 -17.954"><span class='ocrx_word' id='word_1_27' title='bbox 264 543 268 551; x_wconf 84' lang='lat'><em>.</em></span> <span class='ocrx_word' id='word_1_28' title='bbox 305 533 345 565; x_wconf 28' lang='lat' dir='ltr'><strong>„X</strong></span> <span class='ocrx_word' id='word_1_29' title='bbox 392 502 433 558; x_wconf 54' lang='grc' dir='ltr'><strong>ἵ,</strong></span> <span class='ocrx_word' id='word_1_30' title='bbox 542 505 575 553; x_wconf 59' lang='grc' dir='ltr'><strong>ἶ·</strong></span> <span class='ocrx_word' id='word_1_31' title='bbox 625 508 882 546; x_wconf 87' lang='lat' dir='ltr'><strong>raemotus</strong></span> <span class='ocrx_word' id='word_1_32' title='bbox 903 492 1045 547; x_wconf 89' lang='lat' dir='ltr'><strong>labes</strong></span> <span class='ocrx_word' id='word_1_33' title='bbox 1059 531 1077 556; x_wconf 83' lang='grc'>,</span> <span class='ocrx_word' id='word_1_34' title='bbox 1107 492 1188 547; x_wconf 90' lang='lat' dir='ltr'><strong>vel</strong></span> <span class='ocrx_word' id='word_1_35' title='bbox 1203 495 1336 565; x_wconf 86' lang='lat' dir='ltr'><strong>ignis</strong></span> <span class='ocrx_word' id='word_1_36' title='bbox 1352 492 1553 548; x_wconf 78' lang='lat' dir='ltr'>vesania</span> <span class='ocrx_word' id='word_1_37' title='bbox 1567 493 1795 566; x_wconf 78' lang='lat' dir='ltr'><strong>sepeliret</strong></span> <span class='ocrx_word' id='word_1_38' title='bbox 1811 536 1825 549; x_wconf 93' lang='lat'><strong>.</strong></span> 
     </span>
     <span class='ocr_line' id='line_1_5' title="bbox 195 561 1827 644; baseline 0.006 -28"><span class='ocrx_word' id='word_1_39' title='bbox 195 568 213 626; x_wconf 60' lang='grc' dir='ltr'>ζ</span> <span class='ocrx_word' id='word_1_40' title='bbox 244 609 260 644; x_wconf 31' lang='grc' dir='ltr'><strong>,Χ</strong></span> <span class='ocrx_word' id='word_1_41' title='bbox 281 561 293 574; x_wconf 67' lang='grc'><strong>“</strong></span> <span class='ocrx_word' id='word_1_42' title='bbox 527 571 574 615; x_wconf 71' lang='grc' dir='ltr'><strong>ἴτ’</strong></span> <span class='ocrx_word' id='word_1_43' title='bbox 626 565 824 640; x_wconf 79' lang='lat' dir='ltr'><strong>Atque,</strong></span> <span class='ocrx_word' id='word_1_44' title='bbox 847 573 902 634; x_wconf 84' lang='lat' dir='ltr'><strong>(o</strong></span> <span class='ocrx_word' id='word_1_45' title='bbox 918 587 1024 622; x_wconf 89' lang='lat' dir='ltr'><strong>rem</strong></span> <span class='ocrx_word' id='word_1_46' title='bbox 1040 568 1394 639; x_wconf 72' lang='lat' dir='ltr'><strong>deploradam&gt;</strong></span> <span class='ocrx_word' id='word_1_47' title='bbox 1411 588 1507 626; x_wconf 90' lang='lat' dir='ltr'><strong>nec</strong></span> <span class='ocrx_word' id='word_1_48' title='bbox 1523 571 1717 642; x_wconf 88' lang='lat' dir='ltr'><strong>lapides</strong></span> <span class='ocrx_word' id='word_1_49' title='bbox 1734 570 1827 643; x_wconf 83' lang='lat' dir='ltr'><strong>ipfi</strong></span> 
     </span>
     <span class='ocr_line' id='line_1_6' title="bbox 177 641 1827 714; baseline 0.004 -19"><span class='ocrx_word' id='word_1_50' title='bbox 177 643 193 661; x_wconf 82' lang='grc'><strong>“</strong></span> <span class='ocrx_word' id='word_1_51' title='bbox 278 644 289 656; x_wconf 53' lang='lat'><strong>⁸</strong></span> <span class='ocrx_word' id='word_1_52' title='bbox 627 643 694 696; x_wconf 90' lang='lat' dir='ltr'><strong>ad</strong></span> <span class='ocrx_word' id='word_1_53' title='bbox 724 643 1098 714; x_wconf 82' lang='lat' dir='ltr'><strong>contegendam</strong></span> <span class='ocrx_word' id='word_1_54' title='bbox 1128 641 1435 713; x_wconf 81' lang='lat' dir='ltr'><strong>sepulturam</strong></span> <span class='ocrx_word' id='word_1_55' title='bbox 1461 643 1577 700; x_wconf 86' lang='lat' dir='ltr'><strong>satis</strong></span> <span class='ocrx_word' id='word_1_56' title='bbox 1605 687 1619 700; x_wconf 91' lang='lat'><strong>.</strong></span> <span class='ocrx_word' id='word_1_57' title='bbox 1650 648 1827 701; x_wconf 90' lang='lat' dir='ltr'><strong>Mutili</strong></span> 
     </span>
     <span class='ocr_line' id='line_1_7' title="bbox 357 717 1827 793; baseline 0.005 -22"><span class='ocrx_word' id='word_1_58' title='bbox 357 724 369 733; x_wconf 80' lang='lat'>&#39;</span> <span class='ocrx_word' id='word_1_59' title='bbox 416 737 429 744; x_wconf 84' lang='grc'><em>·</em></span> <span class='ocrx_word' id='word_1_60' title='bbox 541 733 564 738; x_wconf 66' lang='grc'><strong>·“</strong></span> <span class='ocrx_word' id='word_1_61' title='bbox 625 736 685 772; x_wconf 90' lang='lat' dir='ltr'><strong>en</strong></span> <span class='ocrx_word' id='word_1_62' title='bbox 696 720 785 782; x_wconf 70' lang='lat' dir='ltr'><strong>im,</strong></span> <span class='ocrx_word' id='word_1_63' title='bbox 799 719 962 782; x_wconf 56' lang='lat' dir='ltr'><strong>fracti,</strong></span> <span class='ocrx_word' id='word_1_64' title='bbox 981 723 1032 774; x_wconf 88' lang='lat'>&amp;</span> <span class='ocrx_word' id='word_1_65' title='bbox 1049 717 1211 774; x_wconf 86' lang='lat' dir='ltr'><strong>abrafi</strong></span> <span class='ocrx_word' id='word_1_66' title='bbox 1225 760 1238 773; x_wconf 90' lang='lat'>.</span> <span class='ocrx_word' id='word_1_67' title='bbox 1254 721 1400 793; x_wconf 84' lang='lat' dir='ltr'><strong>Qid</strong></span> <span class='ocrx_word' id='word_1_68' title='bbox 1416 723 1566 776; x_wconf 88' lang='lat' dir='ltr'><strong>restat</strong></span> <span class='ocrx_word' id='word_1_69' title='bbox 1581 725 1603 776; x_wconf 72' lang='grc' dir='ltr'><strong>ἒ</strong></span> <span class='ocrx_word' id='word_1_70' title='bbox 1618 725 1723 778; x_wconf 83' lang='lat' dir='ltr'><strong>Vix</strong></span> <span class='ocrx_word' id='word_1_71' title='bbox 1738 742 1827 778; x_wconf 62' lang='lat' dir='ltr'><strong>ve-⁸</strong></span> 
     </span>
     <span class='ocr_line' id='line_1_8' title="bbox 157 795 1827 873; baseline 0.001 -21"><span class='ocrx_word' id='word_1_72' title='bbox 157 797 360 870; x_wconf 85' lang='lat' dir='ltr'><strong>stigium</strong></span> <span class='ocrx_word' id='word_1_73' title='bbox 375 821 389 858; x_wconf 90' lang='lat'>;</span> <span class='ocrx_word' id='word_1_74' title='bbox 406 796 515 868; x_wconf 86' lang='lat' dir='ltr'><strong>idq.</strong></span> <span class='ocrx_word' id='word_1_75' title='bbox 532 797 683 849; x_wconf 83' lang='lat' dir='ltr'>aratri</span> <span class='ocrx_word' id='word_1_76' title='bbox 698 797 1084 866; x_wconf 85' lang='lat' dir='ltr'><strong>importunitate</strong></span> <span class='ocrx_word' id='word_1_77' title='bbox 1097 795 1732 873; x_wconf 86' lang='lat' dir='ltr'><strong>deturpatum.Vestigium</strong></span> <span class='ocrx_word' id='word_1_78' title='bbox 1747 816 1827 854; x_wconf 79' lang='lat' dir='ltr'><strong>ta-</strong></span> 
     </span>
     <span class='ocr_line' id='line_1_9' title="bbox 157 869 1822 947; baseline -0.002 -15"><span class='ocrx_word' id='word_1_79' title='bbox 157 896 278 932; x_wconf 88' lang='lat' dir='ltr'><strong>men</strong></span> <span class='ocrx_word' id='word_1_80' title='bbox 292 873 438 947; x_wconf 90' lang='lat' dir='ltr'><strong>quod</strong></span> <span class='ocrx_word' id='word_1_81' title='bbox 453 873 586 945; x_wconf 84' lang='lat' dir='ltr'><strong>ignis</strong></span> <span class='ocrx_word' id='word_1_82' title='bbox 598 872 761 941; x_wconf 85' lang='lat' dir='ltr'><strong>pietas</strong></span> <span class='ocrx_word' id='word_1_83' title='bbox 778 869 1011 934; x_wconf 79' lang='lat' dir='ltr'><strong>seruauit,</strong></span> <span class='ocrx_word' id='word_1_84' title='bbox 1040 889 1196 944; x_wconf 92' lang='lat' dir='ltr'><strong>quem</strong></span> <span class='ocrx_word' id='word_1_85' title='bbox 1214 871 1329 926; x_wconf 75' lang='lat' dir='ltr'><strong>cum</strong></span> <span class='ocrx_word' id='word_1_86' title='bbox 1347 873 1595 946; x_wconf 69' lang='lat' dir='ltr'><strong>aliquado</strong></span> <span class='ocrx_word' id='word_1_87' title='bbox 1612 873 1822 945; x_wconf 83' lang='lat' dir='ltr'><strong>Vesuuij</strong></span> 
     </span>
     <span class='ocr_line' id='line_1_10' title="bbox 157 945 1823 1020; baseline -0.002 -12"><span class='ocrx_word' id='word_1_88' title='bbox 157 953 398 1008; x_wconf 90' lang='lat' dir='ltr'><strong>interiora</strong></span> <span class='ocrx_word' id='word_1_89' title='bbox 415 945 710 1004; x_wconf 65' lang='lat' dir='ltr'><strong>eructaffent</strong></span> <span class='ocrx_word' id='word_1_90' title='bbox 722 985 738 1010; x_wconf 84' lang='grc'>,</span> <span class='ocrx_word' id='word_1_91' title='bbox 765 947 1134 1002; x_wconf 90' lang='lat' dir='ltr'><strong>Herculanium</strong></span> <span class='ocrx_word' id='word_1_92' title='bbox 1160 985 1178 1010; x_wconf 84' lang='grc'>,</span> <span class='ocrx_word' id='word_1_93' title='bbox 1210 950 1262 1002; x_wconf 85' lang='lat'>&amp;</span> <span class='ocrx_word' id='word_1_94' title='bbox 1290 951 1565 1020; x_wconf 88' lang='lat' dir='ltr'><strong>Pompeios</strong></span> <span class='ocrx_word' id='word_1_95' title='bbox 1585 950 1823 1006; x_wconf 88' lang='lat' dir='ltr'><strong>florentes</strong></span> 
     </span>
     <span class='ocr_line' id='line_1_11' title="bbox 156 1022 1824 1095; baseline -0.001 -11"><span class='ocrx_word' id='word_1_96' title='bbox 156 1027 305 1085; x_wconf 90' lang='lat' dir='ltr'><strong>vrbes</strong></span> <span class='ocrx_word' id='word_1_97' title='bbox 321 1065 338 1091; x_wconf 82' lang='lat'>,</span> <span class='ocrx_word' id='word_1_98' title='bbox 355 1044 470 1080; x_wconf 91' lang='lat' dir='ltr'><strong>cum</strong></span> <span class='ocrx_word' id='word_1_99' title='bbox 483 1022 714 1086; x_wconf 77' lang='lat' dir='ltr'><strong>theatriS‚</strong></span> <span class='ocrx_word' id='word_1_100' title='bbox 732 1042 849 1077; x_wconf 92' lang='lat' dir='ltr'><strong>cum</strong></span> <span class='ocrx_word' id='word_1_101' title='bbox 865 1022 1063 1078; x_wconf 90' lang='lat' dir='ltr'><strong>ciuibus</strong></span> <span class='ocrx_word' id='word_1_102' title='bbox 1078 1060 1096 1086; x_wconf 63' lang='lat'>2</span> <span class='ocrx_word' id='word_1_103' title='bbox 1110 1042 1226 1077; x_wconf 92' lang='lat' dir='ltr'><strong>cum</strong></span> <span class='ocrx_word' id='word_1_104' title='bbox 1243 1029 1362 1078; x_wconf 73' lang='lat' dir='ltr'><strong>aere</strong></span> <span class='ocrx_word' id='word_1_105' title='bbox 1375 1022 1481 1095; x_wconf 92' lang='lat' dir='ltr'><strong>ipso</strong></span> <span class='ocrx_word' id='word_1_106' title='bbox 1498 1028 1824 1082; x_wconf 86' lang='lat' dir='ltr'><strong>contumula-</strong></span> 
     </span>
     <span class='ocr_line' id='line_1_12' title="bbox 155 1097 1825 1170; baseline -0.001 -10"><span class='ocrx_word' id='word_1_107' title='bbox 155 1107 249 1160; x_wconf 88' lang='lat' dir='ltr'><strong>uit.</strong></span> <span class='ocrx_word' id='word_1_108' title='bbox 257 1106 385 1157; x_wconf 87' lang='lat' dir='ltr'><strong>Non</strong></span> <span class='ocrx_word' id='word_1_109' title='bbox 399 1100 467 1154; x_wconf 87' lang='lat' dir='ltr'><strong>fic</strong></span> <span class='ocrx_word' id='word_1_110' title='bbox 480 1098 635 1170; x_wconf 77' lang='lat' dir='ltr'><strong>impie</strong></span> <span class='ocrx_word' id='word_1_111' title='bbox 651 1097 912 1153; x_wconf 87' lang='lat' dir='ltr'><strong>vobiscum</strong></span> <span class='ocrx_word' id='word_1_112' title='bbox 927 1102 1092 1153; x_wconf 63' lang='lat' dir='ltr'><strong>astum</strong></span> <span class='ocrx_word' id='word_1_113' title='bbox 1108 1100 1193 1154; x_wconf 90' lang='lat' dir='ltr'><strong>est.</strong></span> <span class='ocrx_word' id='word_1_114' title='bbox 1210 1098 1370 1154; x_wconf 87' lang='lat' dir='ltr'>Addo</span> <span class='ocrx_word' id='word_1_115' title='bbox 1388 1100 1588 1156; x_wconf 87' lang='lat' dir='ltr'><strong>Stabias</strong></span> <span class='ocrx_word' id='word_1_116' title='bbox 1605 1105 1825 1159; x_wconf 90' lang='lat' dir='ltr'><strong>Romani</strong></span> 
     </span>
     <span class='ocr_line' id='line_1_13' title="bbox 156 1173 1825 1249; baseline -0.001 -12"><span class='ocrx_word' id='word_1_117' title='bbox 156 1184 375 1237; x_wconf 85' lang='lat' dir='ltr'><strong>Senatus</strong></span> <span class='ocrx_word' id='word_1_118' title='bbox 389 1177 746 1248; x_wconf 83' lang='lat' dir='ltr'><strong>indignatione</strong></span> <span class='ocrx_word' id='word_1_119' title='bbox 761 1173 869 1228; x_wconf 93' lang='lat' dir='ltr'><strong>solo</strong></span> <span class='ocrx_word' id='word_1_120' title='bbox 887 1191 1131 1249; x_wconf 89' lang='lat' dir='ltr'><strong>aequatas</strong></span> <span class='ocrx_word' id='word_1_121' title='bbox 1146 1214 1163 1239; x_wconf 82' lang='grc'>,</span> <span class='ocrx_word' id='word_1_122' title='bbox 1180 1177 1376 1231; x_wconf 87' lang='lat' dir='ltr'><strong>Cumas</strong></span> <span class='ocrx_word' id='word_1_123' title='bbox 1394 1215 1412 1240; x_wconf 83' lang='grc'>,</span> <span class='ocrx_word' id='word_1_124' title='bbox 1426 1175 1680 1234; x_wconf 86' lang='lat' dir='ltr'><strong>Misenum</strong></span> <span class='ocrx_word' id='word_1_125' title='bbox 1699 1185 1825 1244; x_wconf 79' lang='lat' dir='ltr'><strong>‚Ba-</strong></span> 
     </span>
    </p>

    <p class='ocr_par' dir='ltr' id='par_1_3' title="bbox 0 1250 1827 2469">
     <span class='ocr_line' id='line_1_14' title="bbox 157 1250 1784 1326; baseline -0.001 -14"><span class='ocrx_word' id='word_1_126' title='bbox 157 1260 233 1312; x_wconf 88' lang='lat' dir='ltr'><strong>ias</strong></span> <span class='ocrx_word' id='word_1_127' title='bbox 248 1256 440 1310; x_wconf 88' lang='lat' dir='ltr'><strong>dirutas</strong></span> <span class='ocrx_word' id='word_1_128' title='bbox 457 1292 474 1317; x_wconf 83' lang='lat'>,</span> <span class='ocrx_word' id='word_1_129' title='bbox 491 1269 620 1323; x_wconf 86' lang='lat' dir='ltr'><strong>quas</strong></span> <span class='ocrx_word' id='word_1_130' title='bbox 634 1253 808 1305; x_wconf 90' lang='lat' dir='ltr'><strong>inanes</strong></span> <span class='ocrx_word' id='word_1_131' title='bbox 824 1270 918 1307; x_wconf 89' lang='lat' dir='ltr'><strong>vos</strong></span> <span class='ocrx_word' id='word_1_132' title='bbox 937 1267 1184 1324; x_wconf 86' lang='lat' dir='ltr'><strong>tanquam</strong></span> <span class='ocrx_word' id='word_1_133' title='bbox 1201 1251 1228 1306; x_wconf 76' lang='lat' dir='ltr'><strong>e</strong></span> <span class='ocrx_word' id='word_1_134' title='bbox 1245 1250 1447 1324; x_wconf 89' lang='lat' dir='ltr'><strong>specula</strong></span> <span class='ocrx_word' id='word_1_135' title='bbox 1464 1252 1753 1326; x_wconf 85' lang='lat' dir='ltr'><strong>conspicitis</strong></span> <span class='ocrx_word' id='word_1_136' title='bbox 1770 1297 1784 1311; x_wconf 91' lang='lat'><strong>.</strong></span> 
     </span>
     <span class='ocr_line' id='line_1_15' title="bbox 152 1325 1823 1404; baseline 0.002 -18"><span class='ocrx_word' id='word_1_137' title='bbox 152 1330 294 1404; x_wconf 79' lang='lat' dir='ltr'><strong>Ergo</strong></span> <span class='ocrx_word' id='word_1_138' title='bbox 308 1348 372 1383; x_wconf 93' lang='lat' dir='ltr'><strong>ne</strong></span> <span class='ocrx_word' id='word_1_139' title='bbox 384 1344 463 1382; x_wconf 91' lang='lat' dir='ltr'><strong>tot</strong></span> <span class='ocrx_word' id='word_1_140' title='bbox 476 1325 678 1382; x_wconf 91' lang='lat' dir='ltr'><strong>vrbium</strong></span> <span class='ocrx_word' id='word_1_141' title='bbox 694 1328 1140 1391; x_wconf 78' lang='lat' dir='ltr'><strong>interitu3,vestrae</strong></span> <span class='ocrx_word' id='word_1_142' title='bbox 1156 1327 1293 1383; x_wconf 88' lang='lat' dir='ltr'><strong>vrbis</strong></span> <span class='ocrx_word' id='word_1_143' title='bbox 1308 1331 1469 1384; x_wconf 86' lang='lat' dir='ltr'><strong>vitam</strong></span> <span class='ocrx_word' id='word_1_144' title='bbox 1488 1329 1577 1385; x_wconf 81' lang='lat' dir='ltr'><strong>etii</strong></span> <span class='ocrx_word' id='word_1_145' title='bbox 1594 1331 1823 1389; x_wconf 85' lang='lat' dir='ltr'><strong>miseram</strong></span> 
     </span>
     <span class='ocr_line' id='line_1_16' title="bbox 153 1400 1825 1482; baseline 0.002 -21"><span class='ocrx_word' id='word_1_146' title='bbox 153 1410 347 1482; x_wconf 91' lang='lat' dir='ltr'><strong>quippe</strong></span> <span class='ocrx_word' id='word_1_147' title='bbox 365 1422 500 1477; x_wconf 89' lang='lat' dir='ltr'><strong>quae</strong></span> <span class='ocrx_word' id='word_1_148' title='bbox 518 1421 581 1456; x_wconf 88' lang='lat' dir='ltr'><strong>ex</strong></span> <span class='ocrx_word' id='word_1_149' title='bbox 607 1402 942 1458; x_wconf 87' lang='lat' dir='ltr'><strong>cadaueribus</strong></span> <span class='ocrx_word' id='word_1_150' title='bbox 970 1400 1226 1458; x_wconf 88' lang='lat' dir='ltr'><strong>reuiuiscit</strong></span> <span class='ocrx_word' id='word_1_151' title='bbox 1261 1405 1653 1479; x_wconf 91' lang='lat' dir='ltr'><strong>quodammodo</strong></span> <span class='ocrx_word' id='word_1_152' title='bbox 1671 1448 1690 1473; x_wconf 77' lang='grc'>,</span> <span class='ocrx_word' id='word_1_153' title='bbox 1717 1428 1825 1465; x_wconf 91' lang='lat' dir='ltr'><strong>non</strong></span> 
     </span>
     <span class='ocr_line' id='line_1_17' title="bbox 155 1476 1824 1540; baseline 0.001 -3"><span class='ocrx_word' id='word_1_154' title='bbox 155 1480 536 1538; x_wconf 78' lang='lat' dir='ltr'><strong>consolabitur?</strong></span> <span class='ocrx_word' id='word_1_155' title='bbox 559 1476 752 1533; x_wconf 88' lang='lat' dir='ltr'><strong>Adhuc</strong></span> <span class='ocrx_word' id='word_1_156' title='bbox 780 1479 1048 1534; x_wconf 87' lang='lat' dir='ltr'><strong>Puteolani</strong></span> <span class='ocrx_word' id='word_1_157' title='bbox 1074 1481 1186 1534; x_wconf 89' lang='lat' dir='ltr'><strong>estis</strong></span> <span class='ocrx_word' id='word_1_158' title='bbox 1220 1520 1232 1535; x_wconf 86' lang='lat'><strong>.</strong></span> <span class='ocrx_word' id='word_1_159' title='bbox 1278 1480 1538 1538; x_wconf 86' lang='lat' dir='ltr'><strong>Adhucin</strong></span> <span class='ocrx_word' id='word_1_160' title='bbox 1554 1485 1824 1540; x_wconf 88' lang='lat' dir='ltr'><strong>vulnerato</strong></span> 
     </span>
     <span class='ocr_line' id='line_1_18' title="bbox 154 1554 1827 1627; baseline 0 -13"><span class='ocrx_word' id='word_1_161' title='bbox 154 1559 319 1614; x_wconf 87' lang='lat' dir='ltr'><strong>felicis</strong></span> <span class='ocrx_word' id='word_1_162' title='bbox 337 1554 712 1611; x_wconf 89' lang='lat' dir='ltr'><strong>Dicaearchiae</strong></span> <span class='ocrx_word' id='word_1_163' title='bbox 728 1573 941 1627; x_wconf 88' lang='lat' dir='ltr'><strong>corpore</strong></span> <span class='ocrx_word' id='word_1_164' title='bbox 957 1557 1216 1610; x_wconf 85' lang='lat' dir='ltr'><strong>cicatrices</strong></span> <span class='ocrx_word' id='word_1_165' title='bbox 1239 1556 1492 1614; x_wconf 62' lang='lat' dir='ltr'><strong>obduotae</strong></span> <span class='ocrx_word' id='word_1_166' title='bbox 1522 1578 1794 1616; x_wconf 87' lang='lat' dir='ltr'><strong>cernuntur</strong></span> <span class='ocrx_word' id='word_1_167' title='bbox 1808 1600 1827 1626; x_wconf 84' lang='lat'><em>,</em></span> 
     </span>
     <span class='ocr_line' id='line_1_19' title="bbox 158 1629 1827 1708; baseline 0.001 -19"><span class='ocrx_word' id='word_1_168' title='bbox 158 1639 211 1689; x_wconf 85' lang='lat'>&amp;</span> <span class='ocrx_word' id='word_1_169' title='bbox 226 1636 445 1689; x_wconf 91' lang='lat' dir='ltr'><strong>vestrum</strong></span> <span class='ocrx_word' id='word_1_170' title='bbox 461 1630 631 1685; x_wconf 89' lang='lat' dir='ltr'><strong>adhuc</strong></span> <span class='ocrx_word' id='word_1_171' title='bbox 659 1629 822 1685; x_wconf 92' lang='lat' dir='ltr'><strong>solum</strong></span> <span class='ocrx_word' id='word_1_172' title='bbox 853 1650 917 1685; x_wconf 86' lang='lat' dir='ltr'><strong>ex</strong></span> <span class='ocrx_word' id='word_1_173' title='bbox 947 1630 1304 1687; x_wconf 85' lang='lat' dir='ltr'><strong>numismatum</strong></span> <span class='ocrx_word' id='word_1_174' title='bbox 1321 1633 1609 1708; x_wconf 85' lang='lat' dir='ltr'><strong>lapidumq.</strong></span> <span class='ocrx_word' id='word_1_175' title='bbox 1626 1635 1827 1692; x_wconf 87' lang='lat' dir='ltr'><strong>semini-</strong></span> 
     </span>
     <span class='ocr_line' id='line_1_20' title="bbox 158 1706 1823 1783; baseline 0.002 -19"><span class='ocrx_word' id='word_1_176' title='bbox 158 1710 255 1764; x_wconf 92' lang='lat' dir='ltr'><strong>bus</strong></span> <span class='ocrx_word' id='word_1_177' title='bbox 284 1727 420 1782; x_wconf 89' lang='lat' dir='ltr'><strong>quae</strong></span> <span class='ocrx_word' id='word_1_178' title='bbox 431 1706 702 1761; x_wconf 87' lang='lat' dir='ltr'><strong>Puteolani</strong></span> <span class='ocrx_word' id='word_1_179' title='bbox 729 1707 953 1778; x_wconf 89' lang='lat' dir='ltr'><strong>pulueris</strong></span> <span class='ocrx_word' id='word_1_180' title='bbox 969 1707 1119 1781; x_wconf 82' lang='lat' dir='ltr'><strong>gleba</strong></span> <span class='ocrx_word' id='word_1_181' title='bbox 1150 1712 1408 1783; x_wconf 75' lang='lat' dir='ltr'><strong>contegit,</strong></span> <span class='ocrx_word' id='word_1_182' title='bbox 1435 1714 1823 1783; x_wconf 80' lang='lat' dir='ltr'><strong>amplitudinem</strong></span> 
     </span>
     <span class='ocr_line' id='line_1_21' title="bbox 155 1779 1824 1855; baseline 0.002 -14"><span class='ocrx_word' id='word_1_183' title='bbox 155 1788 440 1842; x_wconf 87' lang='lat' dir='ltr'><strong>Romanam</strong></span> <span class='ocrx_word' id='word_1_184' title='bbox 456 1822 472 1846; x_wconf 69' lang='lat'>2</span> <span class='ocrx_word' id='word_1_185' title='bbox 489 1801 627 1855; x_wconf 88' lang='lat' dir='ltr'><strong>quae</strong></span> <span class='ocrx_word' id='word_1_186' title='bbox 643 1779 732 1835; x_wconf 95' lang='lat' dir='ltr'><strong>suo</strong></span> <span class='ocrx_word' id='word_1_187' title='bbox 748 1780 1011 1855; x_wconf 88' lang='lat' dir='ltr'><strong>splendore</strong></span> <span class='ocrx_word' id='word_1_188' title='bbox 1036 1785 1206 1839; x_wconf 84' lang='lat' dir='ltr'><strong>vestris</strong></span> <span class='ocrx_word' id='word_1_189' title='bbox 1223 1785 1501 1841; x_wconf 82' lang='lat' dir='ltr'><strong>luminibus</strong></span> <span class='ocrx_word' id='word_1_190' title='bbox 1518 1789 1649 1843; x_wconf 77' lang='lat' dir='ltr'><strong>luxit</strong></span> <span class='ocrx_word' id='word_1_191' title='bbox 1662 1830 1679 1854; x_wconf 78' lang='grc'>,</span> <span class='ocrx_word' id='word_1_192' title='bbox 1708 1808 1824 1844; x_wconf 81' lang='lat' dir='ltr'><strong>cum</strong></span> 
     </span>
     <span class='ocr_line' id='line_1_22' title="bbox 156 1858 1824 1937; baseline 0.002 -20"><span class='ocrx_word' id='word_1_193' title='bbox 156 1862 332 1934; x_wconf 86' lang='lat' dir='ltr'><strong>aliqua</strong></span> <span class='ocrx_word' id='word_1_194' title='bbox 346 1861 671 1932; x_wconf 86' lang='lat' dir='ltr'><strong>antiquarum</strong></span> <span class='ocrx_word' id='word_1_195' title='bbox 687 1877 853 1913; x_wconf 89' lang='lat' dir='ltr'><strong>rerum</strong></span> <span class='ocrx_word' id='word_1_196' title='bbox 872 1858 1101 1914; x_wconf 84' lang='lat' dir='ltr'><strong>Vbertate</strong></span> <span class='ocrx_word' id='word_1_197' title='bbox 1117 1861 1370 1916; x_wconf 87' lang='lat' dir='ltr'><strong>redundat</strong></span> <span class='ocrx_word' id='word_1_198' title='bbox 1388 1902 1400 1916; x_wconf 89' lang='lat'><strong>.</strong></span> <span class='ocrx_word' id='word_1_199' title='bbox 1432 1864 1621 1937; x_wconf 89' lang='lat' dir='ltr'><strong>Illudq.</strong></span> <span class='ocrx_word' id='word_1_200' title='bbox 1637 1883 1824 1932; x_wconf 29' lang='lat' dir='ltr'><strong>vossre-</strong></span> 
     </span>
     <span class='ocr_line' id='line_1_23' title="bbox 0 1932 1825 2008; baseline 0.002 -16"><span class='ocrx_word' id='word_1_201' title='bbox 0 1985 3 1999; x_wconf 75' lang='grc'><em>,</em></span> <span class='ocrx_word' id='word_1_202' title='bbox 158 1954 296 1993; x_wconf 89' lang='lat' dir='ltr'><strong>creet</strong></span> <span class='ocrx_word' id='word_1_203' title='bbox 307 1937 580 2008; x_wconf 87' lang='lat' dir='ltr'><strong>plurimum</strong></span> <span class='ocrx_word' id='word_1_204' title='bbox 596 1973 612 1996; x_wconf 80' lang='grc'>,</span> <span class='ocrx_word' id='word_1_205' title='bbox 628 1932 773 2007; x_wconf 75' lang='lat' dir='ltr'><strong>quod</strong></span> <span class='ocrx_word' id='word_1_206' title='bbox 787 1934 903 1989; x_wconf 75' lang='lat' dir='ltr'><strong>cum</strong></span> <span class='ocrx_word' id='word_1_207' title='bbox 917 1937 1215 2007; x_wconf 86' lang='lat' dir='ltr'><strong>Emporium</strong></span> <span class='ocrx_word' id='word_1_208' title='bbox 1235 1937 1615 1995; x_wconf 88' lang='lat' dir='ltr'><strong>celeberrimum</strong></span> <span class='ocrx_word' id='word_1_209' title='bbox 1636 1944 1825 1996; x_wconf 73' lang='lat' dir='ltr'><strong>Puteo-</strong></span> 
     </span>
     <span class='ocr_line' id='line_1_24' title="bbox 0 1998 1824 2096; baseline 0.002 -28"><span class='ocrx_word' id='word_1_210' title='bbox 0 1998 7 2096; x_wconf 64' lang='grc' dir='ltr'><strong>Ξ</strong></span> <span class='ocrx_word' id='word_1_211' title='bbox 156 2015 193 2068; x_wconf 92' lang='lat' dir='ltr'><strong>li</strong></span> <span class='ocrx_word' id='word_1_212' title='bbox 209 2015 567 2068; x_wconf 84' lang='lat' dir='ltr'><strong>Cumanorum</strong></span> <span class='ocrx_word' id='word_1_213' title='bbox 579 2009 770 2065; x_wconf 89' lang='lat' dir='ltr'><strong>fuerint</strong></span> <span class='ocrx_word' id='word_1_214' title='bbox 784 2033 797 2071; x_wconf 82' lang='lat'>3</span> <span class='ocrx_word' id='word_1_215' title='bbox 814 2010 917 2065; x_wconf 90' lang='lat' dir='ltr'><strong>hoc</strong></span> <span class='ocrx_word' id='word_1_216' title='bbox 934 2027 1161 2084; x_wconf 91' lang='lat' dir='ltr'><strong>tempore</strong></span> <span class='ocrx_word' id='word_1_217' title='bbox 1177 2015 1564 2085; x_wconf 87' lang='lat' dir='ltr'><strong>Neapolitanae</strong></span> <span class='ocrx_word' id='word_1_218' title='bbox 1578 2017 1688 2072; x_wconf 88' lang='lat' dir='ltr'><strong>vrbi</strong></span> <span class='ocrx_word' id='word_1_219' title='bbox 1703 2056 1721 2081; x_wconf 84' lang='grc'>,</span> <span class='ocrx_word' id='word_1_220' title='bbox 1735 2037 1824 2072; x_wconf 89' lang='lat' dir='ltr'><strong>cu-</strong></span> 
     </span>
     <span class='ocr_line' id='line_1_25' title="bbox 0 2086 1824 2160; baseline 0.003 -17"><span class='ocrx_word' id='word_1_221' title='bbox 0 2090 5 2128; x_wconf 67' lang='lat' dir='ltr'><strong>l</strong></span> <span class='ocrx_word' id='word_1_222' title='bbox 157 2091 236 2143; x_wconf 90' lang='lat' dir='ltr'><strong>ius</strong></span> <span class='ocrx_word' id='word_1_223' title='bbox 256 2086 492 2143; x_wconf 87' lang='lat' dir='ltr'><strong>aedificio</strong></span> <span class='ocrx_word' id='word_1_224' title='bbox 505 2088 663 2140; x_wconf 86' lang='lat' dir='ltr'><strong>vester</strong></span> <span class='ocrx_word' id='word_1_225' title='bbox 677 2105 893 2160; x_wconf 88' lang='lat' dir='ltr'><strong>quoque</strong></span> <span class='ocrx_word' id='word_1_226' title='bbox 907 2086 1053 2141; x_wconf 89' lang='lat' dir='ltr'><strong>labor</strong></span> <span class='ocrx_word' id='word_1_227' title='bbox 1070 2088 1302 2144; x_wconf 88' lang='lat' dir='ltr'><strong>interfuit</strong></span> <span class='ocrx_word' id='word_1_228' title='bbox 1327 2127 1345 2153; x_wconf 68' lang='lat' dir='ltr'><strong>a</strong></span> <span class='ocrx_word' id='word_1_229' title='bbox 1376 2109 1480 2145; x_wconf 89' lang='lat' dir='ltr'><strong>non</strong></span> <span class='ocrx_word' id='word_1_230' title='bbox 1498 2108 1697 2148; x_wconf 89' lang='lat' dir='ltr'><strong>tantum</strong></span> <span class='ocrx_word' id='word_1_231' title='bbox 1713 2095 1824 2148; x_wconf 85' lang='lat' dir='ltr'><strong>ole-</strong></span> 
     </span>
     <span class='ocr_line' id='line_1_26' title="bbox 158 2162 1822 2234; baseline 0.003 -14"><span class='ocrx_word' id='word_1_232' title='bbox 158 2183 273 2220; x_wconf 88' lang='lat' dir='ltr'><strong>rum</strong></span> <span class='ocrx_word' id='word_1_233' title='bbox 286 2162 597 2234; x_wconf 69' lang='lat' dir='ltr'><strong>fruetuumq.</strong></span> <span class='ocrx_word' id='word_1_234' title='bbox 616 2163 682 2216; x_wconf 90' lang='lat' dir='ltr'><strong>ad</strong></span> <span class='ocrx_word' id='word_1_235' title='bbox 700 2163 1120 2218; x_wconf 88' lang='lat' dir='ltr'><strong>commoditatem</strong></span> <span class='ocrx_word' id='word_1_236' title='bbox 1136 2203 1153 2229; x_wconf 84' lang='grc'>,</span> <span class='ocrx_word' id='word_1_237' title='bbox 1171 2162 1253 2218; x_wconf 87' lang='lat' dir='ltr'><strong>sed</strong></span> <span class='ocrx_word' id='word_1_238' title='bbox 1269 2168 1423 2220; x_wconf 89' lang='lat' dir='ltr'><strong>etiam</strong></span> <span class='ocrx_word' id='word_1_239' title='bbox 1436 2168 1737 2223; x_wconf 86' lang='lat' dir='ltr'><strong>Balnearum</strong></span> <span class='ocrx_word' id='word_1_240' title='bbox 1755 2170 1822 2225; x_wconf 89' lang='lat' dir='ltr'><strong>ad</strong></span> 
     </span>
     <span class='ocr_line' id='line_1_27' title="bbox 156 2236 1825 2317; baseline 0.004 -22"><span class='ocrx_word' id='word_1_241' title='bbox 156 2238 423 2297; x_wconf 88' lang='lat' dir='ltr'><strong>sanitatem</strong></span> <span class='ocrx_word' id='word_1_242' title='bbox 438 2237 679 2292; x_wconf 84' lang='lat' dir='ltr'><strong>tuendam</strong></span> <span class='ocrx_word' id='word_1_243' title='bbox 693 2236 978 2309; x_wconf 89' lang='lat' dir='ltr'><strong>suppeditet</strong></span> <span class='ocrx_word' id='word_1_244' title='bbox 992 2259 1266 2294; x_wconf 87' lang='lat' dir='ltr'><strong>annonam.</strong></span> <span class='ocrx_word' id='word_1_245' title='bbox 1297 2243 1457 2313; x_wconf 81' lang='lat' dir='ltr'><strong>Qod</strong></span> <span class='ocrx_word' id='word_1_246' title='bbox 1472 2242 1512 2296; x_wconf 84' lang='lat' dir='ltr'><strong>fi</strong></span> <span class='ocrx_word' id='word_1_247' title='bbox 1528 2243 1557 2299; x_wconf 77' lang='lat' dir='ltr'><strong>a</strong></span> <span class='ocrx_word' id='word_1_248' title='bbox 1572 2246 1825 2317; x_wconf 79' lang='lat' dir='ltr'><strong>Neapoli-</strong></span> 
     </span>
     <span class='ocr_line' id='line_1_28' title="bbox 159 2313 1824 2389; baseline 0.003 -19"><span class='ocrx_word' id='word_1_249' title='bbox 159 2333 282 2370; x_wconf 88' lang='lat' dir='ltr'><strong>tano</strong></span> <span class='ocrx_word' id='word_1_250' title='bbox 299 2317 362 2368; x_wconf 89' lang='lat' dir='ltr'><strong>ad</strong></span> <span class='ocrx_word' id='word_1_251' title='bbox 377 2315 485 2368; x_wconf 70' lang='lat' dir='ltr'><strong>vita</strong></span> <span class='ocrx_word' id='word_1_252' title='bbox 500 2316 731 2367; x_wconf 84' lang='lat' dir='ltr'><strong>reuocari</strong></span> <span class='ocrx_word' id='word_1_253' title='bbox 747 2313 920 2387; x_wconf 90' lang='lat' dir='ltr'><strong>aliqua</strong></span> <span class='ocrx_word' id='word_1_254' title='bbox 936 2334 1000 2369; x_wconf 86' lang='lat' dir='ltr'><strong>ex</strong></span> <span class='ocrx_word' id='word_1_255' title='bbox 1016 2333 1159 2386; x_wconf 87' lang='lat' dir='ltr'><strong>parte</strong></span> <span class='ocrx_word' id='word_1_256' title='bbox 1175 2336 1276 2370; x_wconf 91' lang='lat' dir='ltr'><strong>non</strong></span> <span class='ocrx_word' id='word_1_257' title='bbox 1294 2317 1523 2389; x_wconf 87' lang='lat' dir='ltr'><strong>displicet</strong></span> <span class='ocrx_word' id='word_1_258' title='bbox 1536 2359 1553 2383; x_wconf 81' lang='grc'>,</span> <span class='ocrx_word' id='word_1_259' title='bbox 1568 2319 1695 2373; x_wconf 90' lang='lat' dir='ltr'><strong>mihi</strong></span> <span class='ocrx_word' id='word_1_260' title='bbox 1711 2338 1824 2376; x_wconf 79' lang='lat' dir='ltr'><strong>tan-</strong></span> 
     </span>
     <span class='ocr_line' id='line_1_29' title="bbox 151 2389 1824 2469; baseline 0.004 -24"><span class='ocrx_word' id='word_1_261' title='bbox 151 2397 270 2445; x_wconf 68' lang='lat' dir='ltr'><strong>‘tum</strong></span> <span class='ocrx_word' id='word_1_262' title='bbox 285 2389 493 2444; x_wconf 90' lang='lat' dir='ltr'><strong>tribuite</strong></span> <span class='ocrx_word' id='word_1_263' title='bbox 507 2426 524 2451; x_wconf 82' lang='grc'>,</span> <span class='ocrx_word' id='word_1_264' title='bbox 540 2405 598 2442; x_wconf 90' lang='lat' dir='ltr'><strong>vt</strong></span> <span class='ocrx_word' id='word_1_265' title='bbox 614 2405 703 2443; x_wconf 91' lang='lat' dir='ltr'><strong>aut</strong></span> <span class='ocrx_word' id='word_1_266' title='bbox 720 2408 834 2443; x_wconf 90' lang='lat' dir='ltr'><strong>cum</strong></span> <span class='ocrx_word' id='word_1_267' title='bbox 854 2392 1014 2446; x_wconf 86' lang='lat' dir='ltr'><strong>vestra</strong></span> <span class='ocrx_word' id='word_1_268' title='bbox 1041 2392 1194 2446; x_wconf 90' lang='lat' dir='ltr'><strong>laude</strong></span> <span class='ocrx_word' id='word_1_269' title='bbox 1223 2412 1327 2446; x_wconf 89' lang='lat' dir='ltr'><strong>non</strong></span> <span class='ocrx_word' id='word_1_270' title='bbox 1352 2396 1523 2448; x_wconf 88' lang='lat' dir='ltr'><strong>viuam</strong></span> <span class='ocrx_word' id='word_1_271' title='bbox 1540 2396 1788 2469; x_wconf 83' lang='lat' dir='ltr'><strong>inglorius</strong></span> <span class='ocrx_word' id='word_1_272' title='bbox 1805 2436 1824 2464; x_wconf 73' lang='grc'>,</span> 
     </span>
    </p>

    <p class='ocr_par' dir='ltr' id='par_1_4' title="bbox 161 2464 1744 2544">
     <span class='ocr_line' id='line_1_30' title="bbox 161 2464 1744 2544; baseline 0.004 -22"><span class='ocrx_word' id='word_1_273' title='bbox 161 2484 250 2523; x_wconf 85' lang='lat' dir='ltr'><strong>aut</strong></span> <span class='ocrx_word' id='word_1_274' title='bbox 264 2464 362 2521; x_wconf 86' lang='lat' dir='ltr'><strong>fint</strong></span> <span class='ocrx_word' id='word_1_275' title='bbox 376 2464 577 2521; x_wconf 85' lang='lat' dir='ltr'><strong>Puteoli</strong></span> <span class='ocrx_word' id='word_1_276' title='bbox 592 2467 814 2521; x_wconf 86' lang='lat' dir='ltr'><strong>nominis</strong></span> <span class='ocrx_word' id='word_1_277' title='bbox 831 2466 1085 2523; x_wconf 84' lang='lat' dir='ltr'><strong>&amp;laboris</strong></span> <span class='ocrx_word' id='word_1_278' title='bbox 1101 2471 1202 2524; x_wconf 90' lang='lat' dir='ltr'><strong>mei</strong></span> <span class='ocrx_word' id='word_1_279' title='bbox 1217 2467 1498 2544; x_wconf 77' lang='lat' dir='ltr'><strong>sepulcrum</strong></span> <span class='ocrx_word' id='word_1_280' title='bbox 1512 2510 1526 2524; x_wconf 82' lang='lat'><strong>.</strong></span> <span class='ocrx_word' id='word_1_281' title='bbox 1543 2473 1744 2529; x_wconf 81' lang='lat' dir='ltr'><strong>Valere.</strong></span> 
     </span>
    </p>
   </div>
   <div class='ocr_carea' id='block_1_3' title="bbox 0 0 586 1988">
    <p class='ocr_par' dir='ltr' id='par_1_5' title="bbox 0 0 586 1988">
     <span class='ocr_line' id='line_1_31' title="bbox 0 0 586 1988; baseline 0 0"><span class='ocrx_word' id='word_1_282' title='bbox 0 0 54 1988; x_wconf 95' lang='lat' dir='ltr'><strong> </strong></span> <span class='ocrx_word' id='word_1_283' title='bbox 164 338 586 750; x_wconf 95' lang='lat' dir='ltr'><strong>   </strong></span> 
     </span>
    </p>
   </div>
   <div class='ocr_carea' id='block_1_4' title="bbox 1687 2700 1821 2760">
    <p class='ocr_par' dir='ltr' id='par_1_6' title="bbox 1687 2700 1821 2760">
     <span class='ocr_line' id='line_1_32' title="bbox 1687 2700 1821 2760; baseline 0.007 -1"><span class='ocrx_word' id='word_1_284' title='bbox 1687 2700 1821 2760; x_wconf 82' lang='lat' dir='ltr'><strong>AD</strong></span> 
     </span>
    </p>
   </div>
  </div>
 </body>
</html>
