2112 3214
648 133 1132 197 LIBER.
1607 145 1689 200 es·

235 250 332 301 Vos
345 247 490 314 {gitur
501 248 674 296 cunms
688 248 750 296 ad
763 264 875 314 quos
888 249 946 312 est
964 250 1130 301 bec'it'ca
1138 250 1306 318 febris.

295 322 400 369 Cito
412 317 663 368 liberamini
677 324 804 384 fonte
818 320 1017 386 fruendo
1031 325 1138 377 tali.

420 400 521 468 De
539 399 785 468 Balneo
805 405 1067 476 sanstae
1087 408 1328 476 Luciae
1353 455 1369 472 .

3 493 16 552 ῑὶἑ
226 498 360 565 ‘Non
375 502 530 550 minus
541 499 620 547 hoc
629 499 811 549 lauacro
825 515 1114 569 perutuntur
1129 505 1523 571 Parthenopensts.

221 575 359 620 Nam
370 571 489 619 locus
500 570 557 633 est
568 569 651 638 ipſs
659 572 877 622 habitatio
888 576 1065 644 semper
1078 594 1318 642 aegrorum

225 640 318 693 Vel
327 645 436 709 quia
446 660 538 693 non
544 645 741 710 stipiunt
754 647 929 695 virtute
941 648 1115 698 lauacri
1126 651 1233 698 lucis
1249 684 1262 698 .

224 715 356 763 Haec
367 725 492 763 necat
503 718 561 765 ab
576 713 714 765 oculis
730 712 913 765 nebulas
927 719 990 779 ὠ·
999 721 1142 785 prosit
1155 721 1215 770 ad
1222 737 1357 771 aures

223 788 528 838 Catharatam
539 789 655 837 toan
662 788 715 853 si
719 802 807 836 non
814 787 885 849 fit
899 792 1151 841 inueterata
1162 828 1175 842 .

221 863 426 915 Auribus
439 864 710 927 adfinitum
724 863 924 927 praestat
936 865 1409 933 magnamq.medelam
1422 899 1437 915 .

224 939 293 985 M
298 938 492 1000 {graneis
506 933 685 1001 prodest
697 938 777 1000 qui
792 946 984 1002 tempore
996 937 1125 1003 longo
1138 939 1371 988 laborant.

221 1010 533 1061 Fonterelibia
548 1008 662 1057 nihil
674 1025 794 1074 aqua
805 1009 974 1075 confert
988 1014 1202 1060 vtilitatis
1212 1046 1224 1059 .

220 1081 397 1132 Crebro
409 1092 652 1131 renouetur
664 1080 829 1146 limpha
837 1082 1024 1149 jubente
1035 1099 1157 1131 noua

219 1161 285 1209 Et
300 1156 399 1204 vidi
411 1155 637 1221 quendam
649 1155 699 1202 de
710 1154 877 1204 lumine
883 1153 1011 1218 stare
1027 1158 1287 1221 priuatum.

222 1229 441 1294 Tempore
453 1243 542 1276 non
554 1227 682 1294 longo
697 1227 923 1294 restitug‘ffl’
936 1229 1086 1293 viliam

221 1301 327 1367 Istis
340 1301 603 1363 confidimus
611 1310 746 1367 saepe
755 1306 988 1361 fruantur
999 1303 1129 1368 aquis
1142 1335 1156 1351 .

285 1382 390 1452 De
409 1382 654 1449 Balneo
673 1383 853 1474 quod
873 1383 1166 1478 Scrupha
1185 1400 1482 1453 vocatur.

219 1487 316 1535 2911
320 1484 404 1533 ulti
416 1484 648 1530 mirantur
662 1485 796 1531 huius
810 1484 860 1532 de
872 1486 1049 1533 nomine
1063 1483 1259 1550 lymphae
1271 1518 1286 1533 .

217 1561 449 1621 Ignorant
459 1554 633 1616 causam
644 1556 695 1603 de
708 1556 910 1621 Scrupha
922 1572 1062 1622 quare
1075 1565 1284 1604 vocatur.

219 1634 356 1679 Nam
363 1628 466 1692 fuit
479 1629 666 1676 inuenta
678 1627 827 1676 lauari
838 1626 1054 1691 hacstmel
1063 1628 1190 1677 vnda
1206 1663 1220 1679 .

216 1704 309 1753 Vel
316 1703 424 1768 quia
435 1700 496 1747 ad
501 1699 768 1763 strophulas
777 1698 834 1764 est
848 1700 1063 1749 medicina
1075 1703 1189 1749 bona
1201 1736 1214 1750 .

223 1777 294 1823 M
298 1774 441 1821 undat
456 1772 518 1830 ὠ·
530 1772 768 1834 consolidat
775 1770 967 1834 stabiem
980 1788 1080 1820 cum
1089 1771 1275 1823 chimine
1287 1772 1405 1838 lepre
1421 1822 1426 1829 ,

214 1846 408 1896 Talibus
422 1843 528 1907 vfies
540 1859 682 1908 aquae
684 1845 854 1907 scabies
866 1858 1168 1909 quaecumque
1183 1846 1381 1892 medetur
1393 1878 1408 1895 .

153 1938 155 1941 ’
216 1919 411 1968 Tollunt
428 1918 648 1980 pettjgines
662 1931 777 1980 quae
782 1915 917 1979 fiunt
921 1914 1170 1979 phlegmate
1179 1916 1255 1978 fil
1271 1933 1294 1964 o
1309 1952 1323 1966 .

216 1996 274 2041 H
276 2009 348 2040 aec
362 1990 484 2038 valet
495 1992 723 2037 artheticis
737 2022 748 2044 ,
765 1992 826 2048 &⁶
838 1989 1005 2055 confert
1017 1997 1150 2052 atque
1152 1990 1382 2055 podagrae
1394 2023 1410 2040 .

216 2066 294 2116 Ad
305 2064 484 2130 pondus
498 2064 673 2110 ventris
687 2065 797 2109 mire
809 2065 972 2110 iuuare
982 2059 1122 2123 scias.

215 2141 284 2190 M
287 2138 438 2187 axime
443 2136 498 2199 st
495 2136 648 2199 fuerit
659 2136 761 2183 haec
767 2135 952 2200 stiptica
967 2131 1062 2198 post
1075 2132 1336 2183 medicinam
1349 2167 1365 2184 .

217 2219 261 2265 A
265 2213 394 2278 stzlsts
406 2218 562 2259 caueat
573 2209 797 2273 legumina
809 2207 1018 2272 nuHaque
1027 2204 1185 2270 stimat

216 2285 356 2339 Vtilis
370 2285 428 2348 est
440 2280 593 2330 multis
610 2277 883 2345 aedificanda
892 2278 1048 2343 scitur
1062 2313 1078 2329 .

421 2365 525 2431 De
544 2362 785 2429 Balneo
808 2360 1065 2427 Sanfflle
1082 2359 1353 2428 Crucis.

214 2468 320 2515 Hoc
332 2462 569 2512 lauacrum
583 2468 746 2512 Crucis
751 2462 868 2526 statis
884 2459 943 2524 est
954 2460 1187 2508 laudabilis
1201 2461 1344 2509 vnda.

285 2542 312 2585 l
317 2554 390 2584 am
402 2537 562 2601 quibus
575 2538 780 2603 podagra
797 2535 1108 2583 condominam
1117 2533 1220 2600 fuit
1236 2570 1247 2581 .
1351 2541 1354 2544 ’

218 2609 458 2674 Consertae
471 2626 633 2658 neruos
646 2644 657 2664 ,
676 2606 998 2673 &phlegmata
1017 2606 1139 2670 pellit
1153 2606 1207 2655 ab
1219 2604 1318 2670 ipfi5
1329 2640 1340 2652 .

285 2682 469 2743 Prodest
477 2682 727 2747 hydropicis
741 2696 851 2747 quae
858 2679 927 2745 fit
940 2695 998 2728 ex
1011 2677 1260 2745 phlegmate
1270 2675 1385 2742 stillo

217 2759 248 2806 Ι
239 2755 367 2823 pstzm
378 2755 588 2816 constitnit
601 2754 740 2817 splene
753 2762 948 2802 tumente
962 2753 1085 2798 iecur

279 2828 526 2881 Ventribus
539 2827 667 2875 vnda
679 2829 832 2876 iuuat.
854 2824 1015 2890 quibus
1027 2820 1329 2928 hypoclunciria
1344 2827 1673 2934 grauat’aguna
