2112 3214
485 81 1251 186 Hts'ToazA.
1517 116 1708 206 ‘1'471

565 229 832 299 Exules.
851 232 1265 326 Tarquinius.
1700 245 1705 250 ’

164 353 429 411 Viuebant
449 373 509 411 ea
529 373 697 414 aetate
712 359 885 414 exules
905 361 999 433 qui
1016 376 1133 415 cum
1150 359 1436 432 Tarquinio
1451 360 1590 434 Rege
1602 359 1707 416 Ro·

110 449 197 488 ma
212 430 550 508 profugerant
566 435 762 490 Cumas
780 475 794 489 .
808 438 877 490 Hi
894 436 959 490 ad
974 434 1220 509 supplicifi
1238 436 1462 510 Legatos
1478 436 1707 491 frumen-

111 510 271 565 tarios
288 527 540 565 vocarunt
555 549 572 574 ,
587 510 805 565 detentis
820 512 1054 567 nauibus.
1077 515 1207 586 th.
1231 516 1501 586 Tyrannus
1517 530 1708 566 annuc-

112 601 191 641 ret
203 622 221 649 ,
237 587 375 640 miris
389 588 559 642 modis
573 588 764 659 petiere
792 626 805 641 .
838 588 939 642 Sed
952 588 1136 643 infecta
1151 606 1204 643 re
1215 587 1531 660 postularunt
1545 605 1600 643 vt
1615 586 1710 642 sal·

113 675 220 717 tem
232 661 325 717 fibi
339 663 515 719 liceret
527 665 757 738 pignoris
774 663 896 719 loco
912 682 1088 719 eorum
1105 683 1319 738 corpora
1332 664 1557 719 detinere
1568 703 1586 728 ‚
1614 663 1712 718 do-

110 755 208 794 nec
224 738 289 794 ab
303 738 426 795 vrbe
439 741 601 796 Roma
614 756 750 812 quae
774 759 863 795 eos
882 738 1080 796 miserat
1095 739 1233 797 bona
1247 742 1527 813 reciperent
1538 779 1555 804 ,
1572 759 1711 814 quae

114 810 146 869 ὲ
161 815 359 887 populo
375 818 501 871 Rom
509 834 607 872 ano
623 816 802 871 iniuste
817 815 1081 888 publicata
1096 817 1356 881 dicebant,
1372 816 1586 890 ipsumq.
1603 820 1711 891 Ty-

114 907 334 947 rannum
350 893 453 948 litis
468 892 691 948 iudicem
709 895 1074 948 constituerunt
1089 934 1102 948 .
1130 897 1402 968 Negantes
1419 895 1600 967 Legati
1614 889 1711 948 sese

115 964 358 1038 publicae
377 965 556 1023 causae
584 968 815 1042 agendae
843 972 1141 1042 potestatem
1157 971 1313 1026 vllam
1329 968 1517 1036 habere
1533 1008 1549 1032 ,
1577 973 1626 1024 &
1646 968 1713 1023 ab

113 1041 306 1098 Senatu
325 1044 391 1098 ad
416 1043 729 1100 frumentum
757 1046 1155 1118 comparandum
1171 1043 1529 1101 tantummodo
1542 1041 1714 1100 miss'os

114 1116 385 1175 afferentes
401 1158 418 1185 ,
435 1119 552 1175 cum
568 1123 1032 1177 animaduerterent
1044 1127 1343 1196 Tyrannum
1360 1120 1456 1177 esse
1471 1123 1522 1175 in
1538 1121 1715 1177 exules

112 1194 514 1268 propensiorem,
530 1196 654 1254 dum
670 1199 738 1255 ad
753 1198 1023 1254 dicendam
1039 1198 1238 1254 causam
1255 1215 1453 1271 tempus
1470 1195 1590 1252 esset
1602 1216 1718 1253 ero-

114 1287 298 1346 gatum
315 1311 333 1337 ,
346 1274 530 1329 Cumis
547 1273 853 1350 aufugerunt
868 1315 882 1330 .
925 1274 1002 1331 Ibi
1016 1277 1327 1350 Tarquinius
1341 1274 1473 1345 obijt
1488 1315 1502 1329 .
1519 1277 1720 1330 Petrar-
1745 1283 1972 1348 Tqrquinigas

119 1346 223 1404 cha
235 1350 287 1404 in
300 1351 564 1406 Itinerario
577 1372 592 1412 3
608 1352 707 1398 eAd
714 1349 890 1399 laeuam
901 1351 1027 1398 cuius
1040 1350 1199 1399 humili
1209 1351 1309 1398 colle
1321 1349 1509 1411 Sibyllae
1510 1351 1716 1414 patriam
1744 1340 1815 1380 ⁰²²¹¹
1827 1344 1967 1383 eumn.

116 1422 293 1471 videbis
305 1457 319 1478 ,
333 1423 414 1473 vbi
426 1420 718 1489 Tarque‘nius
730 1420 961 1485 Superbus
979 1436 1118 1486 regno
1128 1422 1297 1487 pulstm
1309 1420 1531 1485 tandemq.
1546 1418 1717 1483 Tufio-

117 1510 227 1546 rum
237 1494 300 1554 &⁴
311 1497 582 1545 Latinorum
592 1493 828 1557 destitutus
840 1493 1023 1558 auxily's
1038 1526 1053 1549 ‚
1067 1494 1181 1544 exul
1188 1494 1292 1558 obg'jt
1300 1531 1310 1542 .
1341 1493 1531 1565 Pleriq.
1556 1493 1719 1547 Comi

118 1567 189 1625 ad
205 1568 563 1624 Mediolanum
577 1569 723 1625 vocis
738 1565 1069 1623 similitudine
1085 1567 1287 1641 decepti
1299 1566 1575 1624 asserebant
1589 1609 1602 1622 .
1616 1570 1720 1624 Eu-

122 1646 322 1718 tropius
340 1646 685 1711 tamen2tertio
703 1663 838 1700 anno
850 1645 960 1716 post
975 1645 1139 1720 Reges
1155 1649 1359 1701 exactos
1374 1644 1721 1718 cumTarqui-

122 1722 240 1778 nius
256 1719 434 1794 suscipi
449 1740 554 1776 non
569 1720 731 1794 poffet
744 1723 798 1775 in
812 1722 1045 1796 Regnum
1062 1738 1180 1795 neq;
1197 1723 1243 1777 ei
1261 1720 1509 1777 Porsenna
1527 1723 1618 1795 qui
1631 1739 1724 1793 pa·-

121 1815 239 1854 cem
255 1816 371 1853 cum
388 1799 631 1852 Romanis
646 1795 858 1862 fecerat,
873 1796 1120 1852 auxilium
1134 1799 1421 1870 praestaret,
1441 1796 1720 1853 Tusculum

122 1871 175 1931 se
192 1871 458 1929 contuliffe
471 1872 661 1937 scribit,
678 1872 805 1947 ibiq.
819 1889 954 1946 perx
972 1890 993 1928 1
1011 1890 1033 1928 1
1049 1891 1071 1927 1
1088 1892 1135 1928 1.
1151 1892 1313 1929 annos
1327 1877 1583 1946 priuatum
1600 1891 1720 1929 cum

120 1968 284 2007 vxore
308 1947 617 2006 consenuisse
647 1988 662 2002 .
706 1950 956 2021 Lapidem
971 1952 1219 2023 Tarquini
1224 1954 1240 2020 j
1259 1951 1515 2007 Collatini
1530 1951 1717 2007 Cumis

119 2043 377 2102 repertum
394 2025 560 2083 seruat
574 2026 802 2099 Neapoli
814 2026 1091 2083 Marcellus
1109 2026 1376 2084 Girardus.

765 2410 828 2451 Φ.
1006 2411 1079 2454 Μ.

236 2502 686 2546 coLLATINtfs.
715 2504 1402 2557 TARQDVLCISSIMAE
1426 2503 1613 2546 MEAE

238 2587 564 2627 CONIVGI.
592 2589 697 2627 ET.
728 2584 1338 2626 INCOMPARABILI.
1368 2583 1609 2621 LVCRE·

236 2666 397 2706 ΤΙΑΕ.
425 2664 736 2705 PVDORIS.
770 2664 870 2702 AC.
899 2661 1310 2704 MVLIERVM.
1339 2657 1626 2698 GLORIAE

239 2747 428 2800 QVAE.
461 2746 590 2788 rlx.
623 2743 1034 2788 AN.XX11.M.
1066 2742 1114 2782 V.
1144 2742 1198 2781 D.
1223 2739 1354 2781 XVI.

1138 2862 1182 2911 T
1248 2875 1278 2907 2
1485 2856 1739 2910 CVMA-
