2112 3214
400 164 506 220 ‘10
812 160 959 216 DE
1051 157 1657 216 BALNEIS

418 277 607 330 neas&
624 259 871 329 Thermas
889 272 1174 326 contineret
1197 308 1214 334 ‚
1239 288 1299 326 vt
1327 269 1390 324 ad
1414 273 1733 346 offingentas
1768 273 1821 326 P.
1841 273 2020 327 ViCtor

417 349 710 407 huiusmodi
725 349 1048 405 distribuerit.

666 480 936 546 Balneae
959 483 1024 542 &
1040 473 1365 541 Thermae
1388 475 1753 541 Romanae.

452 602 512 657 In
529 604 691 674 prima
707 603 916 674 regione
931 599 1196 653 Balineum
1215 599 1488 670 Torquati,
1508 600 1674 666 veetij
1694 598 2015 661 Bolani2Ma-

420 681 655 741 mertini,
673 676 1033 732 Abascantiani
1049 713 1066 738 ,
1085 672 1422 728 Antiochiani
1441 715 1454 727 .
1485 673 1737 727 Thermae
1754 712 1769 735 ,
1786 675 2016 728 Seueria-

418 773 536 819 nae,
553 754 987 810 Cominoslianae.
1009 751 1244 805 Balineae
1264 752 1489 821 priuatae
1521 751 1582 803 ΙΧ
1601 771 1631 803 Χ
1652 771 1683 802 Χ
1705 770 1723 802 1
1745 770 1787 802 1.
1867 752 1924 803 In
1942 748 2024 804 se·-

417 830 618 894 cunda,
644 830 883 885 Balineae
898 830 1124 898 priuatae
1140 865 1155 881 .
1237 830 1293 880 In
1309 828 1457 880 tertia
1474 865 1489 889 ,
1516 828 1724 879 Traiani
1742 826 1974 880 Caesaris
1996 863 2016 889 ,

414 906 642 978 Philippi
672 903 902 961 Caesaris
917 904 1151 958 Balinea.
1192 903 1429 957 Balineae
1444 904 1671 972 priuatae
1699 902 1763 955 lx
1777 922 1809 955 Χ
1823 922 1873 955 Χ.
1954 903 2013 955 In

413 1001 632 1055 quarta,
661 983 925 1037 Balineum
942 979 1235 1050 Daphnidis
1261 1019 1275 1032 .
1312 979 1548 1033 Balineae
1566 981 1793 1049 priuatae
1819 977 1883 1031 lx
1904 997 1937 1029 Χ
1964 997 2014 1030 v.

412 1060 474 1114 In
489 1061 670 1131 quinta
685 1097 703 1123 ,
717 1060 1004 1112 Lauacrum
1020 1053 1355 1128 Agrippinae,
1370 1053 1623 1108 Thermae
1642 1054 1975 1127 Olympiades
1991 1075 2003 1112 3

413 1136 650 1192 Balineae
664 1136 896 1207 priuatae
923 1133 939 1186 l
955 1151 987 1184 Χ
1005 1152 1039 1185 Χ
1053 1151 1103 1186 v.
1183 1134 1239 1183 In
1256 1128 1389 1183 sexta
1405 1168 1421 1192 ,
1439 1130 1692 1182 Thermae
1720 1130 2011 1183 Diocletia-

413 1230 511 1267 nae
526 1250 542 1275 ‚
580 1211 1066 1268 Constantinianae.
1101 1206 1307 1261 Balinea
1325 1206 1499 1259 Pauli.
1529 1206 1767 1259 Balineae
1781 1208 2010 1275 priuatae

412 1288 480 1342 lx
496 1308 528 1341 Χ
544 1308 592 1343 v.
659 1291 715 1341 In
734 1285 940 1357 septima
959 1324 973 1348 ,
986 1284 1223 1339 Balineae
1239 1285 1466 1353 priuatae
1481 1281 1499 1334 l
1515 1301 1545 1333 Χ
1560 1301 1591 1334 Χ
1608 1301 1657 1336 v.
1727 1284 1782 1335 In
1803 1284 2005 1344 oetaua,

412 1365 651 1421 Balineae
679 1366 910 1434 priuatae
940 1363 1007 1415 lx
1025 1381 1058 1415 v
1085 1379 1131 1414 1.
1213 1361 1425 1413 Innona
1447 1396 1464 1421 2
1491 1357 1746 1411 Thermae
1762 1356 1978 1411 Adriani
1996 1394 2014 1420 ,

413 1442 780 1504 Neronianae,
807 1439 1096 1511 Agrippae.
1194 1438 1251 1488 In
1268 1434 1497 1496 decima,
1526 1435 1762 1487 Balineae
1780 1434 2011 1504 priuatae

411 1536 447 1573 x
464 1537 497 1571 v
525 1535 571 1570 1.
651 1520 707 1570 In
723 1516 990 1570 vndecima
1007 1552 1023 1577 ,
1045 1511 1281 1567 Balineae
1295 1512 1523 1580 priuatae
1552 1529 1585 1562 Χ
1601 1529 1650 1562 v.
1744 1512 1800 1563 In
1816 1509 2017 1563 duode-

410 1596 546 1648 cima
561 1632 575 1656 2
594 1591 847 1648 Thermae
863 1589 1193 1644 Antonianae
1209 1627 1222 1640 .
1254 1588 1492 1641 Balineae
1507 1588 1736 1657 priuatae
1763 1585 1826 1638 xl
1847 1605 1865 1638 1
1885 1605 1904 1638 1
1924 1604 1942 1639 1
1962 1604 2009 1640 1.

409 1672 469 1724 In
490 1671 842 1725 tertiadecima
871 1707 888 1732 ‚
917 1666 1170 1722 Thermae
1200 1665 1456 1719 Varianae
1483 1703 1496 1715 .
1527 1663 1764 1717 Balineae
1780 1663 2011 1732 priuatae

410 1747 479 1802 lx
500 1766 520 1799 1
539 1766 558 1799 1
578 1764 599 1798 1
616 1766 663 1799 1.
742 1748 799 1799 In
820 1744 1204 1815 decimaquarta
1221 1779 1239 1803 ,
1266 1740 1533 1794 Balineum
1550 1736 1836 1811 Ampelidis
1854 1778 1871 1804 ,
1903 1740 2011 1794 Pri-

410 1821 685 1879 scillianae.
706 1824 942 1878 Balineae
958 1822 1189 1891 priuatae
1218 1817 1282 1869 lx
1299 1836 1331 1869 Χ
1349 1836 1381 1869 Χ
1395 1835 1428 1869 v
1449 1835 1496 1869 1.

485 1899 630 1953 Alibi
645 1919 678 1952 Χ
697 1919 717 1951 1
737 1917 780 1951 1.
797 1897 1046 1952 Thermas
1063 1893 1231 1949 scribit
1246 1930 1263 1956 2
1289 1894 1528 1956 Traiani,
1542 1892 1684 1954 Titi,
1702 1888 1965 1963 Agrippae
1988 1928 2007 1955 ‚

408 1977 648 2047 Syriacas
665 2013 681 2038 2
699 1975 1107 2028 Commoclianas
1126 2009 1144 2033 2
1158 1970 1458 2023 Seuerianas
1473 2006 1490 2031 ,
1503 1967 1825 2021 Antonianas
1841 2005 1859 2030 ,
1879 1965 2006 2020 Ale-

407 2052 682 2105 xandrinas
699 2051 782 2105 vel
797 2050 1122 2103 Neronianas
1138 2085 1156 2110 ,
1171 2044 1545 2108 Diocletiana-S,
1562 2045 1842 2105 DecianaS‚
1857 2044 2010 2096 Con·

408 2128 757 2189 stantinianas³
772 2126 1112 2196 Septimianas
1128 2162 1140 2175 .
1158 2124 1242 2175 De
1261 2123 1479 2174 Titianis
1496 2120 1652 2174 Iulius
1671 2119 2005 2190 Capitolinus

411 2203 527 2258 cum
545 2205 823 2257 maximum
842 2205 893 2255 in
908 2203 1094 2256 Senatu
1114 2200 1414 2271 loquentem
1429 2198 1626 2252 inducit
1645 2218 1661 2256 3
1686 2199 1816 2263 Qid
1832 2200 2004 2245 enirm,

410 2291 519 2341 opus
534 2277 601 2324 eft
618 2280 666 2323 de
680 2277 952 2336 restitutione
964 2274 1228 2339 templorum
1243 2306 1255 2325 ‚
1274 2274 1326 2318 de
1338 2272 1556 2334 Basilicas
1570 2279 1736 2317 ornatu
1749 2303 1764 2324 ‚
1796 2269 1845 2316 de
1860 2270 2003 2317 Ther-

407 2345 493 2389 mis
507 2343 708 2389 Titianis
725 2377 736 2394 ‚
760 2344 809 2387 de
823 2341 1185 2403 exardrfi‘catione
1198 2338 1528 2401 Amphitheatri
1540 2351 1669 2399 agere
1695 2368 1708 2387 ‚
1738 2334 1840 2382 ciam
1854 2336 2004 2381 immi-

404 2422 513 2460 mat
531 2413 860 2461 Maximianus
872 2444 886 2466 ,
911 2411 963 2461 &
981 2425 1117 2480 quae
1131 2404 1413 2478 lequuntur
1429 2445 1443 2459 .
1466 2405 1553 2459 De
1566 2401 1817 2457 Antonini
1834 2403 2004 2458 Cara-

405 2485 568 2540 callae
582 2483 817 2540 Thermis
834 2483 903 2539 fic
920 2485 1216 2555 Spartianus
1231 2505 1245 2543 3
1276 2488 1422 2547 Opera
1433 2485 1601 2531 Rornae
1620 2481 1825 2546 reliquit,
1849 2483 1996 2530 Ther·

400 2575 496 2606 mas
509 2561 702 2609 nominis
721 2559 793 2618 fici
805 2556 1244 2622 eximias-squatum
1256 2553 1405 2605 cellam
1421 2554 1635 2614 lbIearem
1655 2554 1900 2602 Archited'ii
1916 2570 1994 2601 ne-

390 2635 511 2691 gan?
530 2624 641 2688 pff
652 2623 747 2671 vlla
762 2625 1012 2671 imitatione
1024 2620 1280 2687 quaefizfla
1292 2619 1349 2681 est
1362 2618 1485 2678 fi'en'.
1509 2623 1643 2668 Nam
1659 2622 1718 2677 &
1729 2635 1788 2666 ex
1805 2634 1905 2666 aere
1920 2618 2006 2667 vel

395 2702 534 2752 cupro
547 2687 998 2753 canceEifiaperpolt'ci
1012 2687 1087 2750 ‘ff'
1103 2687 1321 2735 dicuntur
1333 2684 1496 2749 quibus
1522 2685 1759 2732 cameratio
1776 2693 1871 2730 tota
1887 2699 1992 2730 con-

395 2754 564 2803 credita
578 2754 635 2817 est
648 2754 863 2818 spacium,
878 2763 933 2801 vt
952 2744 1267 2819 idipsicmfieri
1293 2760 1455 2815 negent
1470 2748 1654 2816 potuiffl’
1671 2750 1788 2796 docfi‘i
1802 2751 1866 2796 M
1869 2748 1997 2795 echa-

390 2826 485 2875 nici
495 2827 543 2877 in
562 2828 647 2895 vste
660 2828 859 2877 maxime?
877 2828 1108 2875 Romanae
1119 2822 1260 2891 plebis
1270 2826 1591 2894 frequentatae
1603 2857 1616 2873 .
1648 2818 1733 2875 De
1750 2814 1976 2873 Gordia*

1892 2904 1968 2940 ms
