2112 3214
439 98 1218 168 H18TOR1A2
1544 112 1666 168 183

78 233 203 281 mini
219 221 538 297 imperatoris
556 217 791 279 habuerit
805 220 1054 279 Iulianam
1069 217 1297 296 sponsam
1313 258 1331 287 ,
1359 237 1493 296 quae
1504 220 1671 292 Virgo

81 300 364 358 celebratur
379 298 444 353 ab
461 298 688 353 Ecclesia
705 301 727 354 ?

161 379 220 430 Μ
238 376 287 429 Α
302 380 350 430 Χ
368 378 390 429 Ι
407 378 465 429 Μ
482 377 530 430 V
547 377 579 429 S
599 415 611 428 .
642 377 935 431 Inuenimus
966 376 1264 430 SanCiorum
1295 375 1431 448 gesta
1454 390 1673 444 quorum

83 453 223 508 nulla
240 452 269 507 a
287 452 664 525 Martyrologio
693 454 886 505 mentio
900 452 1034 506 facta
1062 453 1131 506 est
1148 469 1280 523 quae
1295 470 1357 505 ex
1375 447 1679 522 Longobar-

86 529 270 583 dorum
288 526 476 599 scriptis
492 543 750 598 excerpta,
765 546 867 581 non
885 527 1081 602 pigebit
1098 524 1272 581 afferre
1289 565 1302 579 .
1321 528 1521 581 Cumas
1540 542 1682 578 acer·

87 607 244 662 rimus
263 603 544 659 Christiani
561 604 781 656 nominis
798 602 954 657 hostis
970 604 999 658 a
1015 604 1397 657 Diocletiano&
1418 601 1682 654 Maximia-

87 699 158 736 no
176 679 343 735 miffus
360 680 431 735 est
447 678 697 734 Fabianus
723 677 922 733 Consul
953 681 1042 752 qui
1059 681 1200 732 omni
1229 695 1415 732 conatu
1435 678 1682 732 Christia-
1711 681 1897 720 Fabianus

91 775 188 812 nos
203 756 270 811 ab
285 775 459 810 eorum
476 755 615 809 cultu
633 758 684 808 &
703 755 969 828 relligione
985 773 1262 809 reuocaret.
1290 757 1407 808 Erat
1425 754 1495 807 ibi
1513 754 1682 807 Maxi·
1709 735 1851 786 σοφά·

87 851 202 888 mus
219 835 326 887 eius
346 829 603 888 Ecclesiae
617 831 884 884 Diaconus
915 870 932 894 ,
964 838 1003 882 C
1012 851 1071 882 rm
1087 850 1187 882 ιετι
1218 829 1504 885 fortissimus
1520 829 1685 883 athle-

91 926 144 963 ta
159 948 174 972 ,
199 927 356 982 quem
371 927 486 962 cum
505 926 597 960 nec
613 907 783 960 minae
807 906 1115 961 deterrerent
1137 945 1154 970 ,
1184 925 1276 961 nec
1295 923 1559 961 mouerent
1574 922 1687 975 pre-

93 984 469 1055 mia‚plumbeis
483 981 665 1036 ietibus
682 981 903 1054 primum
921 981 1166 1045 caesus‚in
1185 984 1390 1037 vincula
1406 983 1686 1043 coniectus,

95 1059 419 1134 consumptus
436 1059 606 1113 inedia
636 1096 652 1121 ,
685 1059 963 1130 equuleum
989 1055 1183 1129 passuS,
1211 1059 1416 1112 tandem
1436 1059 1599 1129 capite
1621 1055 1689 1110 ad

97 1139 308 1210 martyri
313 1140 329 1205 j
351 1153 594 1189 coronam
613 1136 662 1187 in
679 1134 799 1187 loco
816 1136 907 1205 qui
937 1133 1232 1188 Caballaria
1249 1132 1512 1188 dicebatur
1527 1171 1542 1195 ,
1559 1131 1693 1186 mul-

96 1217 260 1268 Ctatus
278 1214 347 1266 est
363 1235 374 1272 3
397 1211 480 1266 vbi
502 1213 608 1264 eius
628 1228 809 1281 corpus
826 1209 1072 1282 sepultum
1090 1211 1119 1267 a
1132 1229 1164 1262 x
1178 1230 1239 1265 vx
1258 1229 1277 1265 1
1295 1229 1315 1263 1
1328 1249 1341 1263 .
1371 1207 1620 1263 militibus
1638 1248 1653 1261 .

99 1291 169 1343 Hi
189 1308 304 1342 cum
326 1286 645 1341 admirabilia
664 1289 714 1340 in
733 1289 842 1341 eius
858 1285 1133 1340 afflietione
1145 1284 1377 1341 vidissent
1390 1324 1407 1349 ,
1434 1284 1696 1339 Idolorum

103 1365 298 1420 cultum
315 1366 385 1418 rei
389 1364 603 1433 jcientes
619 1401 636 1425 ,
663 1360 818 1416 fidem
834 1362 1177 1417 Christianam
1195 1363 1428 1434 amplecti
1445 1356 1703 1415 libentiffi-

103 1440 186 1496 me
204 1441 491 1496 voluerunt.
518 1440 728 1493 Sandius
746 1456 939 1512 martyr
957 1439 1157 1511 aliquot
1171 1440 1280 1510 post
1293 1456 1455 1493 annos
1472 1437 1700 1509 relligio-

103 1514 311 1572 siffimae
332 1516 535 1570 cuidam
553 1514 879 1578 feminae2cui
893 1518 1046 1568 nome
1066 1515 1311 1577 Iulianae,
1339 1516 1388 1569 in
1404 1511 1590 1568 somnis
1607 1514 1704 1566 im-

102 1595 300 1667 perauit
315 1609 371 1646 vt
389 1609 572 1662 corpus
591 1590 656 1645 ab
685 1610 809 1665 agro
825 1593 877 1644 in
897 1591 1140 1662 templum
1159 1589 1452 1646 transferret
1466 1628 1481 1652 ‚
1504 1588 1705 1660 pollici-

103 1667 235 1741 tusq.
255 1669 322 1723 est
338 1707 354 1730 2
375 1668 499 1722 dum
517 1685 697 1737 corpus
719 1669 1065 1740 perquirerent
1079 1706 1096 1731 ,
1110 1669 1294 1723 Crucis
1316 1665 1513 1739 signum
1533 1665 1600 1718 ibi
1616 1682 1707 1735 ap·

104 1749 385 1819 pariturum
401 1784 413 1796 .
439 1746 569 1796 Mox
587 1742 775 1797 femina
790 1782 807 1806 ,
824 1743 1042 1814 populus
1058 1782 1073 1806 ,
1093 1744 1253 1797 clerus
1271 1742 1337 1796 ad
1359 1741 1708 1797 Caballariam

107 1820 319 1895 profefiti
335 1859 350 1883 ,
368 1817 619 1891 perspecta
634 1821 803 1873 Cruce
819 1856 835 1881 ‚
863 1816 1054 1872 summa
1076 1838 1191 1874 cum
1209 1819 1407 1873 laetitia
1423 1835 1607 1889 corpus
1624 1819 1705 1870 in-

110 1915 309 1970 tegrum
325 1895 551 1949 extulere
568 1933 585 1958 ,
617 1898 669 1948 &
704 1896 890 1949 Cumis
913 1897 965 1947 in
995 1896 1185 1966 templo
1203 1897 1309 1949 eius
1326 1896 1520 1948 nomini
1537 1893 1714 1946 dicato

115 1973 480 2028 condiderunt.
509 1972 608 2024 Hic
626 1973 885 2025 Maximus
908 1970 994 2024 ille
1011 1972 1078 2024 est
1095 2009 1112 2035 ,
1133 1973 1224 2043 qui
1241 1973 1291 2024 in
1307 1971 1488 2024 maiori
1500 1966 1715 2024 Basilica

114 2049 465 2120 Neapolitana
486 2044 710 2101 seruatur
737 2085 754 2110 ,
783 2049 834 2101 &
869 2048 951 2102 cui
967 2044 1229 2102 sollemnia
1245 2044 1528 2101 sacerdotes
1548 2060 1716 2099 annua

84 2180 94 2185 a
117 2125 374 2183 celebrant
402 2163 415 2177 .

194 2205 320 2256 Puer
334 2239 351 2263 ‚
370 2201 522 2253 trium
537 2195 782 2253 mensium
799 2237 816 2263 ,
847 2198 1017 2254 coram
1031 2196 1256 2253 Fabiano
1272 2238 1288 2263 ,
1306 2199 1523 2253 Maximi
1541 2194 1721 2253 sanCti-

120 2293 279 2332 tatem
296 2276 540 2330 diuinitus
563 2276 769 2329 testatus
785 2276 852 2329 est
872 2315 884 2328 .
908 2275 1185 2330 Mebratim
1199 2273 1394 2330 idcirco
1409 2271 1684 2348 discerptus
1702 2309 1721 2337 ,

122 2358 173 2408 ὃς
190 2355 435 2426 martyrio
452 2353 739 2406 Maximum
753 2349 1021 2406 antecellit.

202 2434 496 2488 Maxentius
516 2471 530 2495 ,
547 2431 779 2486 latitabat
794 2449 912 2487 tunc
928 2435 1198 2488 Cumanus
1218 2429 1495 2505 Episcopus
1514 2432 1725 2496 ,Fabia-
1751 2430 1808 2469 M
1809 2424 1981 2468 axi-ntra.

123 2512 178 2564 ni
200 2508 549 2563 crudelitatem
567 2506 898 2563 extimescens
925 2550 938 2563 .
973 2510 1075 2564 Sed
1104 2529 1218 2564 cum
1239 2510 1499 2563 Maximus
1526 2508 1645 2565 esset
1673 2508 1727 2560 in
1753 2485 1962 2524 Cumanus.

125 2583 411 2641 carceribus
427 2622 444 2647 ,
460 2583 547 2637 vbi
562 2586 744 2640 milites
762 2586 824 2639 ad
842 2584 995 2641 fidem
1018 2583 1247 2640 conuersi
1265 2583 1624 2641 detinebantur
1641 2623 1657 2647 ‚
1675 2585 1728 2637 &

128 2661 381 2734 baptizari
396 2677 656 2731 cuperent,
672 2661 907 2734 oraffetq.
926 2664 1210 2716 Dominum
1225 2678 1280 2714 vr
1295 2678 1441 2731 opem
1460 2663 1504 2715 ei
1523 2681 1642 2717 tunc
1661 2657 1734 2713 ad

126 2738 256 2797 illud
273 2737 588 2812 praeclarum
605 2755 731 2811 opus
744 2736 897 2794 ferret
909 2777 928 2804 ,
945 2738 974 2794 a
1000 2739 1232 2793 Domino
1254 2738 1516 2792 Maxetius
1531 2742 1732 2796 excita-

1659 2827 1745 2866 tus
