2112 3214
76 260 234 300 Afis'mnen
249 274 316 311 quo

64 316 175 402 {gf-'³⁰
199 315 336 363 (fficia-
370 320 434 375 de
451 321 693 395 Cypsella
712 323 1056 397 antiquiffimo
1073 325 1323 379 Thraciae
1338 323 1530 396 oppido
1545 323 1777 397 loquitur
1791 363 1807 388 ,
1824 321 1985 395 quod.

71 419 228 457 A,'2.'u;›e·n
243 423 323 459 Ser-

67 469 179 509 rium·

67 1698 228 1737 Alumen
242 1697 307 1736 Fi-

53 1753 117 1801 fto
131 1751 287 1791 debetur.

380 151 460 201 5'4
740 138 802 194 ‘P
851 137 992 197 VT
1039 142 1093 196 E
1134 139 1274 198 OL
1324 140 1499 196 AN·
1534 139 1618 195 A*-

450 243 781 303 Conficiendi
796 244 1055 304 Aluminis
1066 248 1317 305 rationem
1335 246 1556 320 explicat
1570 245 1964 304 Bellonius-cinn

369 397 662 471 Chapsylar
679 401 866 454 dicitur
878 399 908 455 ὲ
925 404 1241 456 Graecorum
1257 403 1309 454 &
1326 403 1608 454 Turcarum
1625 401 1800 474 vulgo,
1821 401 1972 453 Emi-⁷

365 489 446 527 tur
463 474 529 528 acl
543 477 691 544 Serrij
718 478 872 530 m6tis
892 475 1086 530 radices
1102 494 1249 529 vena.
1268 476 1487 546 Lapides
1505 476 1577 530 ibi
1591 477 1824 548 praeduri
1838 474 1970 529 mal-

363 548 448 602 leo
464 553 515 604 &
533 553 710 605 cuneis
726 549 839 606 sunt
854 549 1199 624 perfringendi
1217 589 1231 605 .
1266 554 1491 607 Vrantur
1506 551 1665 607 veluti
1681 549 1894 625 gypsum
1910 553 1963 604 &

364 625 479 678 calx
498 664 511 679 .
530 626 588 680 In
604 628 872 700 tuguriolis
886 626 1056 698 postea
1072 627 1206 683 aluei
1217 627 1377 701 lignei
1392 625 1566 682 defoffi
1581 625 1757 682 suntin
1772 625 1976 700 quibus·

361 701 599 755 lixiuium
618 698 838 757 infusum
859 704 1163 775 relinquitur
1187 741 1204 766 ,
1235 703 1400 758 donec
1416 702 1642 758 Alumen
1660 705 1710 756 in
1738 703 1975 777 glaciem

362 780 514 832 coeat
528 816 542 831 .
578 777 654 831 Ex
669 777 1045 834 combustorum
1057 779 1289 849 lapidum
1305 778 1559 834 cineribus
1575 780 1812 833 lixiuium
1833 797 1968 838 conat
2048 848 2051 849 ⁷

359 853 524 906 fiatur.
537 853 665 907 Leui
679 871 850 908 tamen
861 853 1069 908 flamma
1085 852 1281 926 lapides
1300 854 1518 920 vstulati,
1535 858 1646 911 duri
1662 869 1970 926 permanent·-

361 945 420 983 ac
436 924 476 982 si
488 927 680 983 nullam
695 929 828 1003 ignis
848 927 1098 985 senfiffent
1111 933 1346 984 iniuriam
1362 969 1374 984 .
1403 927 1626 1004 Aliquot
1641 932 1748 985 dies
1763 928 1851 985 sub
1867 929 1968 984 dio-

359 1006 680 1075 permanetes
693 1005 973 1068 ‚nocturno
991 1023 1101 1060 rore
1116 1006 1167 1060 δε
1184 1004 1366 1061 diurna
1381 1007 1556 1077 pluuia
1575 1003 1866 1061 huiusmodi
1881 1022 1958 1079 te-

359 1077 621 1135 nerescunt
633 1119 652 1144 ,
681 1098 737 1136 vt
760 1079 902 1135 breui
917 1084 968 1134 in
984 1084 1174 1137 cineres
1192 1080 1505 1137 resoluantur
1521 1122 1534 1136 .
1566 1085 1622 1137 In
1637 1084 1827 1136 cineres
1845 1098 1963 1135 tan-⁸

360 1155 478 1209 dem
491 1156 574 1210 vel
589 1156 806 1211 naturali
821 1195 839 1220 ,
850 1157 932 1211 vel
949 1156 1201 1211 artificiali
1220 1157 1394 1228 pluuia
1411 1160 1617 1222 redacti,
1631 1158 1964 1230 decoqufitur=

360 1232 414 1284 in
434 1231 665 1285 lixiuium
683 1269 700 1295 ,
716 1232 861 1305 quod
878 1234 930 1286 in
949 1234 1225 1304 quadratos
1243 1233 1418 1287 alueos
1436 1234 1636 1307 ligneos
1649 1271 1666 1297 ,
1681 1233 1764 1288 vel
1777 1232 1956 1288 fictiles

357 1306 488 1360 ollas
505 1304 713 1362 effusum
727 1345 743 1370 ‚
765 1307 944 1363 decem
965 1325 1053 1363 aut
1068 1308 1340 1363 duodecim
1355 1311 1549 1364 dierum
1566 1307 1734 1381 spacio
1751 1310 1856 1363 coit
1871 1347 1889 1372 ,
1906 1311 1962 1363 δε.

358 1382 684 1455 congelatur.
708 1383 972 1456 Diciturq.
990 1387 1042 1438 in
1061 1384 1261 1438 Italiam
1278 1386 1548 1440 aduectum
1562 1423 1579 1449 ‚
1600 1383 1825 1439 Alumen
1840 1379 1960 1438 Les-

356 1456 625 1520 bium‚fiue
643 1460 1156 1533 Metelim.cheritur
1174 1459 1346 1515 album
1362 1463 1413 1514 &
1429 1460 1735 1515 rubrum.Ex
1751 1459 1957 1514 Alumi-

356 1534 435 1586 nis
453 1530 625 1603 spuma
640 1571 657 1598 ,
684 1533 837 1589 massa
854 1534 1003 1589 rubra
1019 1532 1077 1589 fit
1102 1554 1206 1607 qua
1219 1538 1435 1606 pistores
1461 1553 1669 1591 Vtuntur
1686 1575 1699 1589 .
1732 1538 1872 1590 Cum
1887 1552 1960 1589 eo-

359 1626 574 1679 quoque
590 1611 832 1664 conuenit
848 1611 899 1664 id
919 1611 1062 1683 quod
1086 1611 1152 1683 ad
1170 1610 1373 1665 Tolfam
1390 1610 1658 1666 conficitur
1672 1608 1760 1664 sub
1776 1612 1968 1665 Ponti-i

360 1682 517 1737 ficum
534 1687 782 1754 potestate
796 1726 809 1739 .
827 1684 912 1740 Ad
928 1688 1113 1740 montis
1131 1702 1303 1759 tergus
1320 1689 1371 1740 in
1386 1688 1589 1742 Ioannis
1607 1688 1867 1756 Vincentij
1886 1685 1951 1740 de

359 1760 523 1812 Ponte
540 1756 703 1814 fundo
719 1799 734 1824 ,
770 1779 899 1816 vena
925 1779 1087 1834 qu0q;
1105 1779 1299 1833 reperta
1315 1765 1367 1816 in
1385 1781 1488 1835 qua
1500 1761 1825 1834 suntlapides
1840 1762 1952 1817 alu-

358 1832 542 1887 minofi
552 1858 565 1895 ς
588 1837 639 1889 ὃς
655 1834 770 1890 cum
785 1838 1039 1892 decimam
1069 1836 1322 1892 Ecclefiae
1349 1840 1657 1892 Puteolanae
1673 1837 1862 1892 soluere
1875 1855 1952 1891 re-

361 1907 569 1973 cusaret,
577 1912 640 1965 ad
655 1913 800 1984 Regij
815 1915 1104 1983 patrimonij
1131 1912 1387 1967 Praesides
1403 1912 1636 1987 confugit
1652 1910 1959 1984 Episcopus„

358 1985 380 2038 1
384 1989 399 2053 j
417 2004 556 2048 vem,
576 1985 719 2058 quod
734 1985 1022 2042 huiusmodi
1035 1988 1230 2059 lapides
1247 1988 1313 2043 ad
1330 1991 1494 2062 Reges
1505 1988 1950 2062 pertinet,quodq.

356 2061 537 2113 Ioanni
551 2064 824 2116 Vincentio
851 2063 916 2117 ab
936 2064 1158 2136 Regibus
1193 2083 1342 2118 mons
1372 2083 1477 2118 non
1493 2062 1836 2139 effetdelatus
1850 2101 1869 2128 ,
1897 2065 1950 2117 in

357 2136 726 2191 Patrimonium
741 2155 970 2193 montem
988 2141 1130 2193 illum
1152 2157 1442 2214 erogarunt.

498 2242 622 2317 Sal,
647 2243 1100 2322 Chalcantum,
1122 2249 1194 2313 N
1201 2249 1413 2325 itrum,
1435 2249 1772 2317 ChalcitiS.

421 2364 477 2418 In
496 2368 682 2421 montis
701 2367 1008 2424 culminibus
1025 2371 1192 2425 albam
1209 2372 1435 2445 quadam
1451 2376 1666 2445 reperies
1683 2370 1954 2431 materiam

357 2456 492 2511 quae
508 2440 659 2496 salem
678 2444 899 2498 maxime
918 2445 1042 2517 sapit
1069 2485 1081 2500 .
1109 2451 1251 2501 Haec
1266 2448 1387 2502 alibi
1399 2450 1582 2519 pedem
1601 2450 1756 2505 habet
1773 2451 1955 2513 altitur

355 2515 488 2569 dinis
505 2554 521 2579 2
545 2515 667 2571 alibi
681 2536 800 2573 vero
818 2520 946 2574 duos
965 2520 1123 2575 tresue
1141 2524 1330 2596 digitos
1347 2563 1361 2577 .
1406 2524 1713 2580 Pellionibus
1728 2525 1834 2582 vsui
1849 2520 1944 2579 effe

356 2587 497 2644 solet.
508 2594 784 2659 Salnitrum
800 2596 884 2650 ille
900 2614 1003 2650 non
1020 2599 1105 2660 est,
1122 2616 1213 2651 nec
1232 2597 1573 2663 Alumen2uec
1589 2602 1676 2656 Sal
1691 2605 1946 2657 armonia·

353 2684 463 2720 cus.
487 2668 779 2729 Conficitur
795 2684 965 2726 tamen
981 2691 1043 2731 ex
1063 2691 1124 2726 eo
1141 2690 1278 2745 aqua
1297 2693 1432 2746 quae
1450 2673 1760 2733 charadteres
1778 2697 1842 2733 ex
1854 2695 1950 2750 pa?v

352 2743 474 2815 gIna
491 2743 655 2811 delet,
685 2764 841 2820 quam
871 2750 1075 2821 penitus
1103 2747 1440 2815 consumeret,
1463 2749 1558 2808 nifi
1570 2755 1791 2810 naturali
1805 2770 1953 2826 aqua,

505 2840 510 2852 ‹
1817 2847 1944 2885 con-
