<?xml version="1.0" encoding="UTF-8"?>
<!DOCTYPE html PUBLIC "-//W3C//DTD XHTML 1.0 Transitional//EN"
    "http://www.w3.org/TR/xhtml1/DTD/xhtml1-transitional.dtd">
<html xmlns="http://www.w3.org/1999/xhtml" xml:lang="en" lang="en">
 <head>
  <title>
</title>
<meta http-equiv="Content-Type" content="text/html;charset=utf-8" />
  <meta name='ocr-system' content='tesseract 3.04.00' />
  <meta name='ocr-capabilities' content='ocr_page ocr_carea ocr_par ocr_line ocrx_word'/>
</head>
<body>
  <div class='ocr_page' id='page_1' title='image "./puteolanahistori00capa_0291.png"; bbox 0 0 2112 3214; ppageno 0'>
   <div class='ocr_carea' id='block_1_1' title="bbox 725 140 1763 376">
    <p class='ocr_par' dir='ltr' id='par_1_1' title="bbox 725 140 1763 376">
     <span class='ocr_line' id='line_1_1' title="bbox 725 140 1763 207; baseline 0 -1"><span class='ocrx_word' id='word_1_1' title='bbox 725 149 776 206; x_wconf 77' lang='lat' dir='ltr'><strong><em>L</em></strong></span> <span class='ocrx_word' id='word_1_2' title='bbox 843 146 870 205; x_wconf 83' lang='grc' dir='ltr'><strong><em>Ι</em></strong></span> <span class='ocrx_word' id='word_1_3' title='bbox 929 150 972 204; x_wconf 85' lang='grc' dir='ltr'><em>Β</em></span> <span class='ocrx_word' id='word_1_4' title='bbox 1040 150 1085 204; x_wconf 85' lang='lat' dir='ltr'><em>E</em></span> <span class='ocrx_word' id='word_1_5' title='bbox 1152 140 1217 207; x_wconf 78' lang='lat' dir='ltr'>R.&#39;</span> <span class='ocrx_word' id='word_1_6' title='bbox 1689 159 1763 206; x_wconf 71' lang='grc' dir='ltr'>ει</span> 
     </span>
     <span class='ocr_line' id='line_1_2' title="bbox 739 282 1201 376; baseline -0.004 -24"><span class='ocrx_word' id='word_1_7' title='bbox 739 282 1152 376; x_wconf 80' lang='lat' dir='ltr'>Castiglionis</span> <span class='ocrx_word' id='word_1_8' title='bbox 1185 333 1201 350; x_wconf 89' lang='lat'><strong>.</strong></span> 
     </span>
    </p>
   </div>
   <div class='ocr_carea' id='block_1_2' title="bbox 162 397 1778 1150">
    <p class='ocr_par' dir='ltr' id='par_1_2' title="bbox 162 397 1778 1150">
     <span class='ocr_line' id='line_1_3' title="bbox 246 397 1776 474; baseline 0.002 -19"><span class='ocrx_word' id='word_1_9' title='bbox 246 397 592 456; x_wconf 81' lang='lat' dir='ltr'>Calidiffimae</span> <span class='ocrx_word' id='word_1_10' title='bbox 609 420 668 455; x_wconf 84' lang='lat' dir='ltr'>ac</span> <span class='ocrx_word' id='word_1_11' title='bbox 682 398 1009 455; x_wconf 82' lang='lat' dir='ltr'>lucidiffimae</span> <span class='ocrx_word' id='word_1_12' title='bbox 1024 419 1192 473; x_wconf 88' lang='lat' dir='ltr'>aquae</span> <span class='ocrx_word' id='word_1_13' title='bbox 1208 439 1225 464; x_wconf 83' lang='lat'>,</span> <span class='ocrx_word' id='word_1_14' title='bbox 1262 418 1400 473; x_wconf 87' lang='lat' dir='ltr'>quae</span> <span class='ocrx_word' id='word_1_15' title='bbox 1415 404 1655 474; x_wconf 85' lang='lat' dir='ltr'>quamuis</span> <span class='ocrx_word' id='word_1_16' title='bbox 1672 401 1776 458; x_wconf 77' lang='lat' dir='ltr'>alio</span> 
     </span>
     <span class='ocr_line' id='line_1_4' title="bbox 171 476 1778 550; baseline 0.003 -21"><span class='ocrx_word' id='word_1_17' title='bbox 171 478 517 547; x_wconf 82' lang='lat' dir='ltr'>perducantur</span> <span class='ocrx_word' id='word_1_18' title='bbox 532 516 551 541; x_wconf 84' lang='lat'>,</span> <span class='ocrx_word' id='word_1_19' title='bbox 579 476 771 531; x_wconf 71' lang='lat' dir='ltr'>diutius</span> <span class='ocrx_word' id='word_1_20' title='bbox 787 494 956 531; x_wconf 86' lang='lat' dir='ltr'>tamen</span> <span class='ocrx_word' id='word_1_21' title='bbox 986 477 1142 549; x_wconf 69' lang='lat' dir='ltr'>quam</span> <span class='ocrx_word' id='word_1_22' title='bbox 1159 476 1387 550; x_wconf 83' lang='lat' dir='ltr'>reliquae</span> <span class='ocrx_word' id='word_1_23' title='bbox 1417 479 1637 533; x_wconf 84' lang='lat' dir='ltr'>calorem</span> <span class='ocrx_word' id='word_1_24' title='bbox 1659 481 1778 534; x_wconf 88' lang='lat' dir='ltr'>reti-</span> 
     </span>
     <span class='ocr_line' id='line_1_5' title="bbox 171 550 1775 625; baseline 0.002 -19"><span class='ocrx_word' id='word_1_25' title='bbox 171 570 296 607; x_wconf 81' lang='lat' dir='ltr'>nent</span> <span class='ocrx_word' id='word_1_26' title='bbox 308 592 325 617; x_wconf 64' lang='lat'>2</span> <span class='ocrx_word' id='word_1_27' title='bbox 339 570 449 625; x_wconf 87' lang='lat' dir='ltr'>atq.</span> <span class='ocrx_word' id='word_1_28' title='bbox 465 557 516 607; x_wconf 91' lang='lat' dir='ltr'>in</span> <span class='ocrx_word' id='word_1_29' title='bbox 533 550 649 624; x_wconf 89' lang='lat' dir='ltr'>ipfis</span> <span class='ocrx_word' id='word_1_30' title='bbox 667 550 925 606; x_wconf 83' lang='lat' dir='ltr'>craffitiem</span> <span class='ocrx_word' id='word_1_31' title='bbox 943 550 1295 625; x_wconf 84' lang='lat' dir='ltr'><strong>cognoscimus</strong></span> <span class='ocrx_word' id='word_1_32' title='bbox 1311 593 1325 607; x_wconf 90' lang='lat'><strong>.</strong></span> <span class='ocrx_word' id='word_1_33' title='bbox 1376 554 1601 625; x_wconf 88' lang='lat' dir='ltr'>Sulphur</span> <span class='ocrx_word' id='word_1_34' title='bbox 1615 556 1775 618; x_wconf 90' lang='lat' dir='ltr'>olent,</span> 
     </span>
     <span class='ocr_line' id='line_1_6' title="bbox 170 626 1773 702; baseline 0.004 -22"><span class='ocrx_word' id='word_1_35' title='bbox 170 631 360 683; x_wconf 88' lang='lat' dir='ltr'>minori</span> <span class='ocrx_word' id='word_1_36' title='bbox 377 627 548 700; x_wconf 75' lang='lat' dir='ltr'>spiritu</span> <span class='ocrx_word' id='word_1_37' title='bbox 567 648 682 682; x_wconf 91' lang='lat' dir='ltr'>cum</span> <span class='ocrx_word' id='word_1_38' title='bbox 699 627 885 702; x_wconf 85' lang='lat' dir='ltr'>frigida</span> <span class='ocrx_word' id='word_1_39' title='bbox 902 626 1054 683; x_wconf 87' lang='lat' dir='ltr'>fuerit</span> <span class='ocrx_word' id='word_1_40' title='bbox 1072 647 1210 702; x_wconf 87' lang='lat' dir='ltr'>aqua</span> <span class='ocrx_word' id='word_1_41' title='bbox 1227 668 1241 682; x_wconf 92' lang='lat'><strong>.</strong></span> <span class='ocrx_word' id='word_1_42' title='bbox 1285 632 1418 684; x_wconf 88' lang='lat' dir='ltr'>Potu</span> <span class='ocrx_word' id='word_1_43' title='bbox 1436 669 1454 694; x_wconf 84' lang='lat'>‚</span> <span class='ocrx_word' id='word_1_44' title='bbox 1482 635 1534 686; x_wconf 73' lang='grc' dir='ltr'>δε</span> <span class='ocrx_word' id='word_1_45' title='bbox 1549 630 1773 686; x_wconf 85' lang='lat' dir='ltr'>ablutio-</span> 
     </span>
     <span class='ocr_line' id='line_1_7' title="bbox 169 703 1774 781; baseline 0.002 -23"><span class='ocrx_word' id='word_1_46' title='bbox 169 720 237 758; x_wconf 88' lang='lat' dir='ltr'>ne</span> <span class='ocrx_word' id='word_1_47' title='bbox 254 704 335 758; x_wconf 89' lang='lat' dir='ltr'>his</span> <span class='ocrx_word' id='word_1_48' title='bbox 356 708 545 758; x_wconf 90' lang='lat' dir='ltr'>vtimur</span> <span class='ocrx_word' id='word_1_49' title='bbox 562 744 574 756; x_wconf 90' lang='lat'><strong>.</strong></span> <span class='ocrx_word' id='word_1_50' title='bbox 616 703 812 777; x_wconf 77' lang='lat' dir='ltr'>Cumq.</span> <span class='ocrx_word' id='word_1_51' title='bbox 829 703 1104 759; x_wconf 85' lang='lat' dir='ltr'>biberimus</span> <span class='ocrx_word' id='word_1_52' title='bbox 1122 743 1139 769; x_wconf 86' lang='lat'>‚</span> <span class='ocrx_word' id='word_1_53' title='bbox 1174 706 1406 760; x_wconf 88' lang='lat' dir='ltr'>intestina</span> <span class='ocrx_word' id='word_1_54' title='bbox 1420 724 1639 781; x_wconf 82' lang='lat' dir='ltr'>purgant</span> <span class='ocrx_word' id='word_1_55' title='bbox 1653 746 1670 771; x_wconf 88' lang='grc'>,</span> <span class='ocrx_word' id='word_1_56' title='bbox 1695 727 1774 763; x_wconf 86' lang='lat' dir='ltr'>re-</span> 
     </span>
     <span class='ocr_line' id='line_1_8' title="bbox 168 780 1772 851; baseline 0.003 -18"><span class='ocrx_word' id='word_1_57' title='bbox 168 797 294 833; x_wconf 91' lang='lat' dir='ltr'>num</span> <span class='ocrx_word' id='word_1_58' title='bbox 311 780 677 835; x_wconf 62' lang='lat' dir='ltr'>obstruotiones</span> <span class='ocrx_word' id='word_1_59' title='bbox 692 783 924 851; x_wconf 88' lang='lat' dir='ltr'>aperiunt</span> <span class='ocrx_word' id='word_1_60' title='bbox 936 818 952 843; x_wconf 83' lang='lat'>,</span> <span class='ocrx_word' id='word_1_61' title='bbox 967 782 1164 834; x_wconf 86' lang='lat' dir='ltr'>vrinam</span> <span class='ocrx_word' id='word_1_62' title='bbox 1181 783 1316 835; x_wconf 86' lang='lat' dir='ltr'>cient</span> <span class='ocrx_word' id='word_1_63' title='bbox 1328 820 1344 844; x_wconf 84' lang='lat'>‚</span> <span class='ocrx_word' id='word_1_64' title='bbox 1364 782 1640 837; x_wconf 83' lang='lat' dir='ltr'>lumbricos</span> <span class='ocrx_word' id='word_1_65' title='bbox 1654 802 1772 838; x_wconf 86' lang='lat' dir='ltr'>ene-</span> 
     </span>
     <span class='ocr_line' id='line_1_9' title="bbox 166 854 1768 929; baseline 0.004 -21"><span class='ocrx_word' id='word_1_66' title='bbox 166 872 289 909; x_wconf 82' lang='lat' dir='ltr'>cant</span> <span class='ocrx_word' id='word_1_67' title='bbox 304 894 321 918; x_wconf 82' lang='grc'>,</span> <span class='ocrx_word' id='word_1_68' title='bbox 336 854 679 928; x_wconf 85' lang='lat' dir='ltr'>disenteriasq.</span> <span class='ocrx_word' id='word_1_69' title='bbox 698 871 961 910; x_wconf 90' lang='lat' dir='ltr'>remouent</span> <span class='ocrx_word' id='word_1_70' title='bbox 977 895 990 908; x_wconf 85' lang='lat'>.</span> <span class='ocrx_word' id='word_1_71' title='bbox 1032 857 1237 929; x_wconf 85' lang='lat' dir='ltr'>Frigido</span> <span class='ocrx_word' id='word_1_72' title='bbox 1254 856 1507 912; x_wconf 83' lang='lat' dir='ltr'>rheumati</span> <span class='ocrx_word' id='word_1_73' title='bbox 1522 897 1540 923; x_wconf 85' lang='grc'>,</span> <span class='ocrx_word' id='word_1_74' title='bbox 1557 861 1768 913; x_wconf 83' lang='lat' dir='ltr'>strumo-</span> 
     </span>
     <span class='ocr_line' id='line_1_10' title="bbox 165 928 1768 1004; baseline 0.002 -19"><span class='ocrx_word' id='word_1_75' title='bbox 165 928 233 985; x_wconf 86' lang='lat' dir='ltr'>fis</span> <span class='ocrx_word' id='word_1_76' title='bbox 251 931 534 987; x_wconf 88' lang='lat' dir='ltr'>tumoribus</span> <span class='ocrx_word' id='word_1_77' title='bbox 551 971 567 996; x_wconf 84' lang='grc'>,</span> <span class='ocrx_word' id='word_1_78' title='bbox 580 933 768 987; x_wconf 86' lang='lat' dir='ltr'>ventris</span> <span class='ocrx_word' id='word_1_79' title='bbox 783 929 991 1004; x_wconf 90' lang='lat' dir='ltr'>prosunt</span> <span class='ocrx_word' id='word_1_80' title='bbox 1004 932 1253 986; x_wconf 89' lang='lat' dir='ltr'>inflationi</span> <span class='ocrx_word' id='word_1_81' title='bbox 1271 973 1284 987; x_wconf 91' lang='lat'><strong>.</strong></span> <span class='ocrx_word' id='word_1_82' title='bbox 1301 936 1513 1004; x_wconf 86' lang='lat' dir='ltr'>Hepatis</span> <span class='ocrx_word' id='word_1_83' title='bbox 1530 934 1768 990; x_wconf 84' lang='lat' dir='ltr'>auferunt</span> 
     </span>
     <span class='ocr_line' id='line_1_11' title="bbox 167 1005 1766 1083; baseline 0.003 -22"><span class='ocrx_word' id='word_1_84' title='bbox 167 1009 396 1062; x_wconf 85' lang='lat' dir='ltr'>maculas</span> <span class='ocrx_word' id='word_1_85' title='bbox 413 1047 430 1072; x_wconf 83' lang='grc'>,</span> <span class='ocrx_word' id='word_1_86' title='bbox 444 1010 680 1081; x_wconf 87' lang='lat' dir='ltr'>omniaq.</span> <span class='ocrx_word' id='word_1_87' title='bbox 699 1025 870 1062; x_wconf 84' lang='lat' dir='ltr'>arcent</span> <span class='ocrx_word' id='word_1_88' title='bbox 884 1005 1066 1062; x_wconf 89' lang='lat' dir='ltr'>scabiei</span> <span class='ocrx_word' id='word_1_89' title='bbox 1083 1027 1265 1082; x_wconf 86' lang='lat' dir='ltr'>genera</span> <span class='ocrx_word' id='word_1_90' title='bbox 1281 1048 1296 1062; x_wconf 91' lang='lat'><strong>.</strong></span> <span class='ocrx_word' id='word_1_91' title='bbox 1339 1006 1606 1082; x_wconf 85' lang='lat' dir='ltr'>Aquarum</span> <span class='ocrx_word' id='word_1_92' title='bbox 1630 1029 1766 1083; x_wconf 87' lang='lat' dir='ltr'>quae</span> 
     </span>
     <span class='ocr_line' id='line_1_12' title="bbox 162 1081 1768 1150; baseline 0.002 -12"><span class='ocrx_word' id='word_1_93' title='bbox 162 1086 310 1139; x_wconf 88' lang='lat' dir='ltr'>Senis</span> <span class='ocrx_word' id='word_1_94' title='bbox 326 1123 342 1148; x_wconf 84' lang='grc'>,</span> <span class='ocrx_word' id='word_1_95' title='bbox 373 1085 626 1138; x_wconf 88' lang='lat' dir='ltr'>Auinioni</span> <span class='ocrx_word' id='word_1_96' title='bbox 645 1123 662 1148; x_wconf 81' lang='grc'>,</span> <span class='ocrx_word' id='word_1_97' title='bbox 694 1082 816 1138; x_wconf 87' lang='lat' dir='ltr'>Pifis</span> <span class='ocrx_word' id='word_1_98' title='bbox 833 1081 1132 1140; x_wconf 86' lang='lat' dir='ltr'>enascuntur</span> <span class='ocrx_word' id='word_1_99' title='bbox 1155 1123 1174 1150; x_wconf 83' lang='lat'>,</span> <span class='ocrx_word' id='word_1_100' title='bbox 1200 1086 1305 1140; x_wconf 90' lang='lat' dir='ltr'>vim</span> <span class='ocrx_word' id='word_1_101' title='bbox 1318 1088 1534 1141; x_wconf 89' lang='lat' dir='ltr'>retinere</span> <span class='ocrx_word' id='word_1_102' title='bbox 1551 1083 1768 1143; x_wconf 83' lang='lat' dir='ltr'>affirmat</span> 
     </span>
    </p>
   </div>
   <div class='ocr_carea' id='block_1_3' title="bbox 159 1160 1688 1517">
    <p class='ocr_par' dir='ltr' id='par_1_3' title="bbox 159 1160 1688 1517">
     <span class='ocr_line' id='line_1_13' title="bbox 159 1160 957 1219; baseline -0.006 0"><span class='ocrx_word' id='word_1_103' title='bbox 159 1162 374 1219; x_wconf 85' lang='lat' dir='ltr'>Baccius</span> <span class='ocrx_word' id='word_1_104' title='bbox 393 1160 595 1215; x_wconf 65' lang='lat' dir='ltr'>in‘libro</span> <span class='ocrx_word' id='word_1_105' title='bbox 611 1161 677 1215; x_wconf 90' lang='lat' dir='ltr'>de</span> <span class='ocrx_word' id='word_1_106' title='bbox 689 1160 924 1216; x_wconf 89' lang='lat' dir='ltr'>Thermis</span> <span class='ocrx_word' id='word_1_107' title='bbox 942 1199 957 1214; x_wconf 87' lang='lat'><strong>.</strong></span> 
     </span>
     <span class='ocr_line' id='line_1_14' title="bbox 292 1239 1688 1305; baseline 0.001 -17"><span class='ocrx_word' id='word_1_108' title='bbox 292 1245 604 1304; x_wconf 81' lang='lat' dir='ltr'>Languentem</span> <span class='ocrx_word' id='word_1_109' title='bbox 616 1239 760 1303; x_wconf 75' lang='lat' dir='ltr'>rficit</span> <span class='ocrx_word' id='word_1_110' title='bbox 775 1239 1050 1302; x_wconf 82' lang='lat' dir='ltr'>stomachum</span> <span class='ocrx_word' id='word_1_111' title='bbox 1064 1272 1077 1294; x_wconf 93' lang='lat'><strong>,</strong></span> <span class='ocrx_word' id='word_1_112' title='bbox 1093 1249 1150 1286; x_wconf 80' lang='lat' dir='ltr'>vt</span> <span class='ocrx_word' id='word_1_113' title='bbox 1162 1239 1271 1288; x_wconf 70' lang='lat' dir='ltr'>bene*</span> <span class='ocrx_word' id='word_1_114' title='bbox 1285 1253 1332 1286; x_wconf 80' lang='lat' dir='ltr'>co</span> <span class='ocrx_word' id='word_1_115' title='bbox 1344 1248 1540 1304; x_wconf 83' lang='lat' dir='ltr'>ncoquat</span> <span class='ocrx_word' id='word_1_116' title='bbox 1552 1247 1688 1305; x_wconf 70' lang='lat' dir='ltr'>vrget</span> 
     </span>
     <span class='ocr_line' id='line_1_15' title="bbox 358 1306 1456 1373; baseline -0.002 -15"><span class='ocrx_word' id='word_1_117' title='bbox 358 1313 427 1358; x_wconf 90' lang='lat' dir='ltr'><em>M</em></span> <span class='ocrx_word' id='word_1_118' title='bbox 431 1311 638 1373; x_wconf 83' lang='lat' dir='ltr'>orpheam</span> <span class='ocrx_word' id='word_1_119' title='bbox 650 1311 846 1358; x_wconf 80' lang='lat' dir='ltr'>humano</span> <span class='ocrx_word' id='word_1_120' title='bbox 861 1309 997 1357; x_wconf 73' lang='lat' dir='ltr'>vultu</span> <span class='ocrx_word' id='word_1_121' title='bbox 1011 1310 1191 1373; x_wconf 69' lang='lat' dir='ltr'>abtgitq.</span> <span class='ocrx_word' id='word_1_122' title='bbox 1208 1306 1456 1371; x_wconf 43' lang='lat' dir='ltr'>Lepramfflr</span> 
     </span>
     <span class='ocr_line' id='line_1_16' title="bbox 290 1379 1417 1445; baseline -0.003 -17"><span class='ocrx_word' id='word_1_123' title='bbox 290 1385 335 1432; x_wconf 83' lang='lat' dir='ltr'><em>V</em></span> <span class='ocrx_word' id='word_1_124' title='bbox 339 1381 450 1445; x_wconf 77' lang='lat' dir='ltr'>ifitm</span> <span class='ocrx_word' id='word_1_125' title='bbox 463 1382 583 1428; x_wconf 83' lang='lat' dir='ltr'>acuit</span> <span class='ocrx_word' id='word_1_126' title='bbox 599 1413 612 1433; x_wconf 92' lang='lat'>,</span> <span class='ocrx_word' id='word_1_127' title='bbox 627 1394 704 1426; x_wconf 82' lang='lat' dir='ltr'>cor</span> <span class='ocrx_word' id='word_1_128' title='bbox 718 1380 940 1444; x_wconf 75' lang='lat' dir='ltr'>confortat</span> <span class='ocrx_word' id='word_1_129' title='bbox 954 1413 964 1433; x_wconf 93' lang='lat'>‚</span> <span class='ocrx_word' id='word_1_130' title='bbox 984 1379 1169 1444; x_wconf 60' lang='lat' dir='ltr'>plagffq.</span> <span class='ocrx_word' id='word_1_131' title='bbox 1186 1379 1387 1425; x_wconf 77' lang='lat' dir='ltr'>medetur</span> <span class='ocrx_word' id='word_1_132' title='bbox 1401 1412 1417 1434; x_wconf 89' lang='lat'><strong>,</strong></span> 
     </span>
     <span class='ocr_line' id='line_1_17' title="bbox 353 1450 1434 1517; baseline -0.008 -12"><span class='ocrx_word' id='word_1_133' title='bbox 353 1457 401 1505; x_wconf 86' lang='lat' dir='ltr'><em>V</em></span> <span class='ocrx_word' id='word_1_134' title='bbox 405 1451 675 1503; x_wconf 84' lang='lat' dir='ltr'>entriculum</span> <span class='ocrx_word' id='word_1_135' title='bbox 680 1452 822 1517; x_wconf 80' lang='lat' dir='ltr'>soluit</span> <span class='ocrx_word' id='word_1_136' title='bbox 833 1484 845 1505; x_wconf 92' lang='lat'>‚</span> <span class='ocrx_word' id='word_1_137' title='bbox 850 1461 1070 1517; x_wconf 83' lang='lat' dir='ltr'>prouocat</span> <span class='ocrx_word' id='word_1_138' title='bbox 1083 1450 1434 1516; x_wconf 39' lang='lat' dir='ltr'>vffifizmemd.</span> 
     </span>
    </p>
   </div>
   <div class='ocr_carea' id='block_1_4' title="bbox 503 1567 1408 1664">
    <p class='ocr_par' dir='ltr' id='par_1_4' title="bbox 503 1567 1408 1664">
     <span class='ocr_line' id='line_1_18' title="bbox 503 1567 1408 1664; baseline -0.002 -27"><span class='ocrx_word' id='word_1_139' title='bbox 503 1573 854 1664; x_wconf 82' lang='lat' dir='ltr'>Speluncae</span> <span class='ocrx_word' id='word_1_140' title='bbox 870 1614 889 1647; x_wconf 84' lang='lat'>,</span> <span class='ocrx_word' id='word_1_141' title='bbox 919 1570 1025 1636; x_wconf 82' lang='lat' dir='ltr'>vel</span> <span class='ocrx_word' id='word_1_142' title='bbox 1044 1567 1371 1660; x_wconf 88' lang='lat' dir='ltr'>Scrophae</span> <span class='ocrx_word' id='word_1_143' title='bbox 1392 1618 1408 1635; x_wconf 90' lang='lat'><strong>.</strong></span> 
     </span>
    </p>
   </div>
   <div class='ocr_carea' id='block_1_5' title="bbox 151 1696 1757 2449">
    <p class='ocr_par' dir='ltr' id='par_1_5' title="bbox 151 1696 1757 2308">
     <span class='ocr_line' id='line_1_19' title="bbox 232 1696 1757 1776; baseline -0.002 -19"><span class='ocrx_word' id='word_1_144' title='bbox 232 1701 438 1776; x_wconf 84' lang='lat' dir='ltr'>Qibus</span> <span class='ocrx_word' id='word_1_145' title='bbox 454 1699 568 1755; x_wconf 72' lang='lat' dir='ltr'>sane</span> <span class='ocrx_word' id='word_1_146' title='bbox 583 1702 731 1774; x_wconf 87' lang='lat' dir='ltr'>aquis</span> <span class='ocrx_word' id='word_1_147' title='bbox 750 1696 837 1754; x_wconf 87' lang='lat' dir='ltr'>suo</span> <span class='ocrx_word' id='word_1_148' title='bbox 853 1699 972 1753; x_wconf 93' lang='lat' dir='ltr'>loco</span> <span class='ocrx_word' id='word_1_149' title='bbox 989 1699 1063 1753; x_wconf 90' lang='lat' dir='ltr'>vti</span> <span class='ocrx_word' id='word_1_150' title='bbox 1079 1716 1180 1752; x_wconf 91' lang='lat' dir='ltr'>non</span> <span class='ocrx_word' id='word_1_151' title='bbox 1198 1697 1493 1761; x_wconf 80' lang='lat' dir='ltr'>licet‚maris</span> <span class='ocrx_word' id='word_1_152' title='bbox 1511 1699 1644 1756; x_wconf 86' lang='lat' dir='ltr'>enim</span> <span class='ocrx_word' id='word_1_153' title='bbox 1662 1716 1757 1754; x_wconf 78' lang='lat' dir='ltr'>vn-</span> 
     </span>
     <span class='ocr_line' id='line_1_20' title="bbox 154 1773 1752 1850; baseline -0.004 -15"><span class='ocrx_word' id='word_1_154' title='bbox 154 1778 252 1835; x_wconf 83' lang='lat' dir='ltr'>dae</span> <span class='ocrx_word' id='word_1_155' title='bbox 278 1784 330 1834; x_wconf 88' lang='lat' dir='ltr'>in</span> <span class='ocrx_word' id='word_1_156' title='bbox 358 1781 500 1834; x_wconf 89' lang='lat' dir='ltr'>cuius</span> <span class='ocrx_word' id='word_1_157' title='bbox 518 1780 744 1850; x_wconf 80' lang='lat' dir='ltr'>margine</span> <span class='ocrx_word' id='word_1_158' title='bbox 759 1773 952 1847; x_wconf 67' lang='lat' dir='ltr'>positae</span> <span class='ocrx_word' id='word_1_159' title='bbox 970 1773 1113 1838; x_wconf 81' lang='lat' dir='ltr'>sunt,</span> <span class='ocrx_word' id='word_1_160' title='bbox 1144 1778 1196 1829; x_wconf 83' lang='lat'>&amp;</span> <span class='ocrx_word' id='word_1_161' title='bbox 1227 1777 1386 1829; x_wconf 81' lang='lat' dir='ltr'>nimia</span> <span class='ocrx_word' id='word_1_162' title='bbox 1408 1775 1638 1829; x_wconf 78' lang='lat' dir='ltr'>caliditas</span> <span class='ocrx_word' id='word_1_163' title='bbox 1657 1777 1752 1830; x_wconf 86' lang='lat' dir='ltr'>im·-</span> 
     </span>
     <span class='ocr_line' id='line_1_21' title="bbox 151 1850 1753 1927; baseline -0.002 -17"><span class='ocrx_word' id='word_1_164' title='bbox 151 1856 394 1927; x_wconf 88' lang='lat' dir='ltr'>pediunt.</span> <span class='ocrx_word' id='word_1_165' title='bbox 435 1853 739 1927; x_wconf 84' lang='lat' dir='ltr'>Qibusque</span> <span class='ocrx_word' id='word_1_166' title='bbox 757 1850 1064 1905; x_wconf 83' lang='lat' dir='ltr'>fluxionibus</span> <span class='ocrx_word' id='word_1_167' title='bbox 1084 1850 1419 1913; x_wconf 79' lang='lat' dir='ltr'>commodae,</span> <span class='ocrx_word' id='word_1_168' title='bbox 1453 1869 1753 1906; x_wconf 88' lang='lat' dir='ltr'>neruorum-</span> 
     </span>
     <span class='ocr_line' id='line_1_22' title="bbox 155 1927 1753 2005; baseline -0.004 -18"><span class='ocrx_word' id='word_1_169' title='bbox 155 1952 259 2005; x_wconf 87' lang='lat' dir='ltr'>que</span> <span class='ocrx_word' id='word_1_170' title='bbox 276 1937 327 1987; x_wconf 72' lang='grc' dir='ltr'>δε</span> <span class='ocrx_word' id='word_1_171' title='bbox 342 1931 674 1987; x_wconf 76' lang='lat' dir='ltr'>articulorum</span> <span class='ocrx_word' id='word_1_172' title='bbox 689 1927 951 1983; x_wconf 82' lang='lat' dir='ltr'>doloribus</span> <span class='ocrx_word' id='word_1_173' title='bbox 970 1967 983 1981; x_wconf 85' lang='lat'><strong>.</strong></span> <span class='ocrx_word' id='word_1_174' title='bbox 1025 1927 1240 1999; x_wconf 82' lang='lat' dir='ltr'>Frigidis</span> <span class='ocrx_word' id='word_1_175' title='bbox 1255 1944 1314 1980; x_wconf 87' lang='lat' dir='ltr'>ac</span> <span class='ocrx_word' id='word_1_176' title='bbox 1341 1927 1578 1980; x_wconf 79' lang='lat' dir='ltr'>flexuofis</span> <span class='ocrx_word' id='word_1_177' title='bbox 1596 1927 1753 1981; x_wconf 82' lang='lat' dir='ltr'>visce-</span> 
     </span>
     <span class='ocr_line' id='line_1_23' title="bbox 154 2001 1749 2076; baseline -0.004 -13"><span class='ocrx_word' id='word_1_178' title='bbox 154 2028 266 2063; x_wconf 86' lang='lat' dir='ltr'>rum</span> <span class='ocrx_word' id='word_1_179' title='bbox 298 2006 489 2061; x_wconf 85' lang='lat' dir='ltr'>morbis</span> <span class='ocrx_word' id='word_1_180' title='bbox 519 2008 651 2061; x_wconf 86' lang='lat' dir='ltr'>Vere</span> <span class='ocrx_word' id='word_1_181' title='bbox 675 2002 961 2076; x_wconf 82' lang='lat' dir='ltr'>praesertim</span> <span class='ocrx_word' id='word_1_182' title='bbox 990 2006 1042 2056; x_wconf 65' lang='grc' dir='ltr'>ὃς</span> <span class='ocrx_word' id='word_1_183' title='bbox 1093 2001 1362 2056; x_wconf 86' lang='lat' dir='ltr'>Autumno</span> <span class='ocrx_word' id='word_1_184' title='bbox 1392 2001 1717 2057; x_wconf 87' lang='lat' dir='ltr'>aduersantur</span> <span class='ocrx_word' id='word_1_185' title='bbox 1734 2043 1749 2057; x_wconf 88' lang='lat'><strong>.</strong></span> 
     </span>
     <span class='ocr_line' id='line_1_24' title="bbox 153 2077 1750 2151; baseline -0.004 -12"><span class='ocrx_word' id='word_1_186' title='bbox 153 2088 458 2140; x_wconf 85' lang='lat' dir='ltr'>Foemorum</span> <span class='ocrx_word' id='word_1_187' title='bbox 475 2120 491 2144; x_wconf 83' lang='grc'>,</span> <span class='ocrx_word' id='word_1_188' title='bbox 504 2084 793 2135; x_wconf 85' lang='lat' dir='ltr'>artreticum</span> <span class='ocrx_word' id='word_1_189' title='bbox 811 2081 1043 2134; x_wconf 87' lang='lat' dir='ltr'>dolorem</span> <span class='ocrx_word' id='word_1_190' title='bbox 1060 2117 1076 2141; x_wconf 83' lang='grc'>,</span> <span class='ocrx_word' id='word_1_191' title='bbox 1091 2077 1357 2151; x_wconf 84' lang='lat' dir='ltr'>tuffimque</span> <span class='ocrx_word' id='word_1_192' title='bbox 1373 2077 1515 2132; x_wconf 67' lang='lat' dir='ltr'>sanat</span> <span class='ocrx_word' id='word_1_193' title='bbox 1530 2118 1544 2131; x_wconf 89' lang='lat'>.</span> <span class='ocrx_word' id='word_1_194' title='bbox 1592 2082 1647 2132; x_wconf 87' lang='lat' dir='ltr'>In</span> <span class='ocrx_word' id='word_1_195' title='bbox 1674 2081 1750 2133; x_wconf 83' lang='lat' dir='ltr'>la-</span> 
     </span>
     <span class='ocr_line' id='line_1_25' title="bbox 154 2153 1747 2227; baseline -0.003 -12"><span class='ocrx_word' id='word_1_196' title='bbox 154 2161 248 2216; x_wconf 86' lang='lat' dir='ltr'>bro</span> <span class='ocrx_word' id='word_1_197' title='bbox 270 2166 502 2227; x_wconf 83' lang='lat' dir='ltr'>(rantum</span> <span class='ocrx_word' id='word_1_198' title='bbox 519 2162 569 2210; x_wconf 83' lang='lat' dir='ltr'>in</span> <span class='ocrx_word' id='word_1_199' title='bbox 586 2176 648 2211; x_wconf 86' lang='lat' dir='ltr'>eo</span> <span class='ocrx_word' id='word_1_200' title='bbox 664 2157 845 2211; x_wconf 79' lang='lat' dir='ltr'>caloris</span> <span class='ocrx_word' id='word_1_201' title='bbox 863 2157 1021 2219; x_wconf 87' lang='lat' dir='ltr'>inest)</span> <span class='ocrx_word' id='word_1_202' title='bbox 1040 2157 1101 2222; x_wconf 86' lang='lat' dir='ltr'>ijs</span> <span class='ocrx_word' id='word_1_203' title='bbox 1117 2172 1316 2209; x_wconf 78' lang='lat' dir='ltr'>Vtamur</span> <span class='ocrx_word' id='word_1_204' title='bbox 1333 2153 1523 2209; x_wconf 79' lang='lat' dir='ltr'>necesse</span> <span class='ocrx_word' id='word_1_205' title='bbox 1539 2157 1607 2209; x_wconf 87' lang='lat' dir='ltr'>est</span> <span class='ocrx_word' id='word_1_206' title='bbox 1623 2195 1636 2209; x_wconf 88' lang='lat'><strong>.</strong></span> <span class='ocrx_word' id='word_1_207' title='bbox 1665 2158 1747 2211; x_wconf 87' lang='lat' dir='ltr'>In-</span> 
     </span>
     <span class='ocr_line' id='line_1_26' title="bbox 153 2230 1504 2308; baseline -0.007 -15"><span class='ocrx_word' id='word_1_208' title='bbox 153 2255 228 2294; x_wconf 86' lang='lat' dir='ltr'>ter</span> <span class='ocrx_word' id='word_1_209' title='bbox 241 2234 537 2308; x_wconf 79' lang='lat' dir='ltr'>sulphureas</span> <span class='ocrx_word' id='word_1_210' title='bbox 555 2250 740 2305; x_wconf 83' lang='lat' dir='ltr'>quarto</span> <span class='ocrx_word' id='word_1_211' title='bbox 759 2233 918 2305; x_wconf 83' lang='lat' dir='ltr'>gradu</span> <span class='ocrx_word' id='word_1_212' title='bbox 936 2230 1126 2286; x_wconf 83' lang='lat' dir='ltr'>calidas</span> <span class='ocrx_word' id='word_1_213' title='bbox 1145 2248 1474 2285; x_wconf 79' lang='lat' dir='ltr'>numerantur</span> <span class='ocrx_word' id='word_1_214' title='bbox 1490 2270 1504 2284; x_wconf 88' lang='lat'><strong>.</strong></span> 
     </span>
    </p>

    <p class='ocr_par' dir='ltr' id='par_1_6' title="bbox 286 2311 1593 2449">
     <span class='ocr_line' id='line_1_27' title="bbox 286 2311 1380 2378; baseline -0.01 -11"><span class='ocrx_word' id='word_1_215' title='bbox 286 2317 458 2367; x_wconf 79' lang='lat' dir='ltr'>Aluum</span> <span class='ocrx_word' id='word_1_216' title='bbox 466 2314 679 2378; x_wconf 70' lang='lat' dir='ltr'>sitbducit</span> <span class='ocrx_word' id='word_1_217' title='bbox 695 2349 704 2365; x_wconf 92' lang='lat'>,</span> <span class='ocrx_word' id='word_1_218' title='bbox 720 2312 870 2376; x_wconf 74' lang='lat' dir='ltr'>tuffim</span> <span class='ocrx_word' id='word_1_219' title='bbox 884 2311 1212 2375; x_wconf 77' lang='lat' dir='ltr'>&amp;nephritida</span> <span class='ocrx_word' id='word_1_220' title='bbox 1226 2312 1353 2374; x_wconf 73' lang='lat' dir='ltr'>pellit</span> <span class='ocrx_word' id='word_1_221' title='bbox 1367 2344 1380 2364; x_wconf 94' lang='lat'>,</span> 
     </span>
     <span class='ocr_line' id='line_1_28' title="bbox 351 2383 1593 2449; baseline -0.006 -11"><span class='ocrx_word' id='word_1_222' title='bbox 351 2388 606 2438; x_wconf 69' lang='lat' dir='ltr'>Anthritim</span> <span class='ocrx_word' id='word_1_223' title='bbox 621 2418 633 2441; x_wconf 91' lang='lat'><em>‚</em></span> <span class='ocrx_word' id='word_1_224' title='bbox 649 2385 950 2449; x_wconf 79' lang='lat' dir='ltr'>Chiragram,</span> <span class='ocrx_word' id='word_1_225' title='bbox 967 2383 1168 2448; x_wconf 80' lang='lat' dir='ltr'>Ischiada</span> <span class='ocrx_word' id='word_1_226' title='bbox 1184 2383 1242 2441; x_wconf 60' lang='grc' dir='ltr'>ὢν</span> <span class='ocrx_word' id='word_1_227' title='bbox 1257 2383 1566 2447; x_wconf 56' lang='grc' dir='ltr'><em>Ροάαξναηω</em></span> <span class='ocrx_word' id='word_1_228' title='bbox 1580 2413 1593 2430; x_wconf 84' lang='grc'><strong>.</strong></span> 
     </span>
    </p>
   </div>
   <div class='ocr_carea' id='block_1_6' title="bbox 749 2500 1137 2595">
    <p class='ocr_par' dir='ltr' id='par_1_7' title="bbox 749 2500 1137 2595">
     <span class='ocr_line' id='line_1_29' title="bbox 749 2500 1137 2595; baseline -0.015 -22"><span class='ocrx_word' id='word_1_229' title='bbox 749 2500 1097 2595; x_wconf 77' lang='lat' dir='ltr'>Gurgitelli</span> <span class='ocrx_word' id='word_1_230' title='bbox 1122 2549 1137 2567; x_wconf 88' lang='lat'><strong>.</strong></span> 
     </span>
    </p>
   </div>
   <div class='ocr_carea' id='block_1_7' title="bbox 146 2628 1739 2792">
    <p class='ocr_par' dir='ltr' id='par_1_8' title="bbox 146 2628 1739 2792">
     <span class='ocr_line' id='line_1_30' title="bbox 220 2628 1737 2696; baseline -0.009 0"><span class='ocrx_word' id='word_1_231' title='bbox 220 2636 685 2696; x_wconf 69' lang='lat' dir='ltr'>Praeclariffimaea</span> <span class='ocrx_word' id='word_1_232' title='bbox 715 2636 926 2691; x_wconf 87' lang='lat' dir='ltr'>medicis</span> <span class='ocrx_word' id='word_1_233' title='bbox 953 2633 1051 2689; x_wconf 86' lang='lat' dir='ltr'>hae</span> <span class='ocrx_word' id='word_1_234' title='bbox 1082 2630 1426 2688; x_wconf 82' lang='lat' dir='ltr'>celebrantur.</span> <span class='ocrx_word' id='word_1_235' title='bbox 1470 2628 1737 2684; x_wconf 80' lang='lat' dir='ltr'>Sterilibus</span> 
     </span>
     <span class='ocr_line' id='line_1_31' title="bbox 146 2705 1739 2792; baseline -0.01 -19"><span class='ocrx_word' id='word_1_236' title='bbox 146 2716 570 2792; x_wconf 85' lang='lat' dir='ltr'>prosuntfeminis</span> <span class='ocrx_word' id='word_1_237' title='bbox 592 2755 604 2768; x_wconf 88' lang='lat'><strong>.</strong></span> <span class='ocrx_word' id='word_1_238' title='bbox 645 2712 965 2782; x_wconf 72' lang='lat' dir='ltr'>Consumpta</span> <span class='ocrx_word' id='word_1_239' title='bbox 981 2710 1085 2764; x_wconf 67' lang='lat' dir='ltr'>fere</span> <span class='ocrx_word' id='word_1_240' title='bbox 1116 2727 1327 2779; x_wconf 87' lang='lat' dir='ltr'>corpora</span> <span class='ocrx_word' id='word_1_241' title='bbox 1356 2705 1590 2761; x_wconf 80' lang='lat' dir='ltr'>reficiunt</span> <span class='ocrx_word' id='word_1_242' title='bbox 1619 2709 1739 2759; x_wconf 81' lang='lat' dir='ltr'>Sto-</span> 
     </span>
    </p>
   </div>
   <div class='ocr_carea' id='block_1_8' title="bbox 141 2780 1739 2912">
    <p class='ocr_par' dir='ltr' id='par_1_9' title="bbox 141 2780 1739 2912">
     <span class='ocr_line' id='line_1_32' title="bbox 141 2780 1739 2867; baseline -0.012 -15"><span class='ocrx_word' id='word_1_243' title='bbox 141 2795 384 2851; x_wconf 83' lang='lat' dir='ltr'>machum</span> <span class='ocrx_word' id='word_1_244' title='bbox 401 2789 628 2849; x_wconf 76' lang='lat' dir='ltr'>recreant</span> <span class='ocrx_word' id='word_1_245' title='bbox 645 2832 658 2845; x_wconf 90' lang='lat'><strong>.</strong></span> <span class='ocrx_word' id='word_1_246' title='bbox 700 2790 975 2845; x_wconf 85' lang='lat' dir='ltr'>Calculum</span> <span class='ocrx_word' id='word_1_247' title='bbox 996 2787 1299 2842; x_wconf 78' lang='lat' dir='ltr'>extrudunt.</span> <span class='ocrx_word' id='word_1_248' title='bbox 1340 2786 1531 2857; x_wconf 86' lang='lat' dir='ltr'>Hepati</span> <span class='ocrx_word' id='word_1_249' title='bbox 1559 2780 1739 2867; x_wconf 72' lang='lat' dir='ltr'>subue-</span> 
     </span>
     <span class='ocr_line' id='line_1_33' title="bbox 1559 2877 1733 2912; baseline 0.006 -1"><span class='ocrx_word' id='word_1_250' title='bbox 1559 2877 1733 2912; x_wconf 66' lang='lat' dir='ltr'>nium.</span> 
     </span>
    </p>
   </div>
  </div>
 </body>
</html>
