2112 3214
444 128 1198 189 HISTORIA.
1567 123 1690 193 'rr'

79 262 247 311 anim-o
264 261 289 307 a
307 256 351 305 le
367 251 655 305 abalienato
673 270 787 305 eum
804 249 1006 304 potifex
1026 252 1270 305 iudicaret
1286 290 1298 302 .
1315 250 1451 304 Cum
1469 246 1568 302 hoc
1583 248 1661 301 lo-

79 333 226 403 quuri
246 334 402 382 Carra
412 328 460 380 ἦ
479 332 527 379 32
551 325 756 382 Cioffus
776 365 793 390 ,
819 331 869 380 δε
898 329 948 379 in
965 328 1246 380 Sardiniam
1266 328 1456 398 Regem
1472 324 1662 379 adeun-

77 424 152 461 tes
170 445 183 466 ,
206 406 427 476 Reginae
445 404 735 456 calsimirate
753 401 978 472 exposita
992 441 1008 465 2
1023 405 1183 475 Regni
1201 401 1532 471 Neapolitani
1547 417 1665 469 pro-

76 480 237 553 posita
252 480 495 533 felicitate
514 516 528 540 2
549 479 613 530 ad
630 497 775 547 opem
794 480 1020 550 Reginae
1038 477 1262 531 resedam
1280 475 1308 529 a
1327 478 1538 530 coeteris
1557 473 1668 527 bel-

77 558 190 611 licis
207 554 528 627 apparatibus
544 573 657 606 eum
677 573 875 606 reuoca!
892 551 1172 606 nr.Cioffiis
1192 573 1253 606 ex
1276 552 1505 604 Sardinia
1523 553 1661 603 Nea-

78 631 379 704 polim‚inde
396 632 444 682 in
462 630 798 698 Populoniam
817 630 901 681 vbi
916 648 1028 681 cum
1049 630 1249 682 Malitia
1265 625 1580 697 expectabat,
1596 622 1667 678 se-

77 725 216 778 ptem
233 708 426 760 dierum
443 706 769 776 nauigatione
787 704 1087 774 app-ulinAd
1104 707 1294 776 Regem
1313 705 1362 755 in
1382 701 1667 755 Sardiniam

80 784 240 837 redire
254 821 269 844 ,
285 786 336 834 &
351 782 638 849 adoptionis
655 780 920 833 voluntate
937 778 1187 848 patefacta
1203 780 1474 851 negocium
1492 774 1668 829 confe-

80 857 292 912 fecerfit.
310 856 409 910 Sed
428 855 547 909 dum
563 852 768 909 Cioffus
782 857 1121 925 praemittitur
1136 893 1152 917 ‚
1168 871 1224 908 vt
1238 855 1410 907 omnia
1428 869 1563 923 quae
1580 868 1669 923 ge-

78 935 150 988 sta
165 932 364 986 fuerant
380 933 602 1003 Reginae
617 933 668 984 &
681 931 1039 1000 Neapolitanis
1057 931 1320 983 nunciaret
1336 966 1352 991 ,
1379 928 1443 981 ad
1458 927 1669 980 Palaeo-

79 1008 240 1079 polim
255 1007 318 1060 ab
335 1005 534 1059 Aloifio
562 1004 923 1076 Andegauenfi
952 1008 1042 1077 qui
1067 1005 1346 1077 Neapolim
1373 1021 1489 1057 cum
1521 995 1668 1055 claffe

82 1081 423 1137 contendebat
435 1119 452 1143 ,
470 1082 701 1151 captiuus
717 1080 878 1134 factus
892 1083 978 1133 est.

158 1159 237 1211 Ex
255 1158 468 1210 coeteris
481 1154 687 1224 familijs
703 1155 830 1209 nihil
848 1159 971 1210 certi
987 1154 1146 1209 habui
1172 1192 1189 1218 ,
1216 1172 1387 1226 neque
1416 1153 1517 1207 hoc
1541 1167 1673 1205 tem-

78 1248 202 1306 pore
218 1229 489 1286 seruandae
513 1233 785 1285 memoriae
802 1231 1038 1285 homines
1055 1231 1253 1285 student
1271 1229 1386 1284 cum
1402 1225 1672 1299 praecipue

79 1305 342 1380 scriptores
357 1310 489 1361 nacti
500 1305 689 1360 fuerint
703 1346 718 1359 .
761 1305 1073 1379 Aliquorum
1090 1304 1348 1376 praeterea
1364 1303 1676 1359 Puteolano-

81 1400 195 1439 rum
224 1384 522 1437 memoriam
554 1401 658 1435 non
688 1381 1104 1452 praetereundam
1136 1379 1304 1434 censui
1333 1420 1349 1434 .
1383 1378 1675 1450 Stephanus

81 1474 432 1531 cognomento
450 1458 805 1520 Partiuinacia,
818 1457 978 1511 multa
995 1456 1184 1510 obtulit
1197 1458 1375 1511 Ioanni
1389 1454 1549 1509 Abati
1561 1472 1675 1508 mo-

83 1536 280 1602 nasterij
298 1535 596 1587 Sanctorum
610 1531 859 1602 Anastasij
880 1571 896 1596 ‚
911 1536 961 1586 &
978 1530 1126 1587 Bafili
1129 1536 1146 1601 j
1179 1536 1198 1597 (
1214 1531 1358 1604 quod
1376 1532 1427 1584 in
1442 1532 1675 1603 Regione

83 1609 432 1679 Neapolitana
459 1608 526 1661 ad
553 1607 712 1662 Melia
728 1606 876 1662 fitum
903 1623 1012 1662 erat
1033 1611 1055 1673 >
1082 1609 1225 1679 quod
1243 1605 1333 1661 sub
1356 1605 1543 1662 Bafilio
1557 1607 1674 1659 Ma-

82 1702 191 1758 gno
203 1720 220 1747 ‚
249 1687 301 1737 &
331 1684 671 1737 Constantino
701 1686 807 1738 eius
835 1683 989 1737 fratre
1018 1685 1357 1737 coniunctum
1369 1698 1477 1736 erat
1493 1698 1674 1734 mona-

83 1760 232 1814 sterio
247 1763 433 1813 Beatae
447 1761 642 1813 Mariae
663 1776 798 1830 quae
813 1759 878 1812 ad
890 1759 1193 1829 Cappellam
1211 1758 1397 1812 dicitur
1413 1796 1427 1811 .
1461 1759 1585 1811 Eius
1601 1757 1674 1810 rei

83 1832 266 1904 scripta
283 1833 471 1888 ibidem
487 1831 759 1888 seruantur.
778 1837 1011 1888 Marcum
1027 1835 1275 1896 pulicem,
1291 1851 1395 1886 non
1409 1849 1675 1904 parentum

82 1911 232 1982 origo
247 1948 266 1972 ,
282 1906 364 1962 led
381 1911 578 1963 virtutis
601 1909 764 1982 gloria
778 1909 1073 1963 nobilitauit
1087 1950 1100 1962 .
1131 1909 1386 1982 Singulari
1402 1909 1677 1962 certamine

0 2018 2 2038 ι
85 1989 319 2055 (praeter
332 1985 492 2038 multa
506 1983 764 2055 praeclare
781 1987 917 2058 gesta
945 1989 967 2050 >
999 1983 1305 2056 inspectante
1336 1981 1547 2037 Andrea
1566 1980 1677 2037 Au-

0 2070 2 2089 *
85 2060 158 2113 ria
176 2057 225 2112 se
252 2061 581 2112 accerrimum
608 2077 943 2131 pugnatorem
969 2059 1216 2114 ostendit.
1250 2058 1503 2114 Gabriela
1530 2060 1676 2113 Fraia

0 2193 1 2202 ἵ
85 2134 408 2188 Ferdinando
423 2136 461 2186 I.
480 2136 606 2206 Regi
632 2138 707 2188 M.
725 2139 775 2189 ὃς
806 2137 876 2189 D.
901 2153 1083 2190 aureos
1097 2151 1358 2190 mutuatus
1377 2136 1447 2188 est
1462 2172 1477 2188 .
1516 2139 1676 2189 Brun·
1701 2134 1848 2186 -Afflt'ffl
1861 2137 1963 2192 decis:

0 2206 3 2286 ξ
84 2207 295 2263 dufinae
308 2211 411 2262 arci
425 2207 616 2263 idcirco
630 2207 907 2280 praefectus
923 2251 937 2264 .
956 2213 1023 2264 Et
1036 2213 1146 2281 post
1160 2212 1267 2265 eius
1285 2209 1504 2273 obitum,
1524 2211 1676 2264 Man-
1700 2202 1746 2242 3⁷
1757 2201 1792 2239 ⁵·

0 2295 4 2359 ᾗ
82 2282 346 2339 fredoniae
363 2285 466 2338 arci
481 2284 929 2340 Bartholomaeum
946 2283 1107 2341 filium
1120 2284 1365 2358 praefecit
1377 2323 1394 2349 ,
1409 2287 1501 2358 qui
1516 2283 1546 2339 a
1558 2286 1676 2340 Ma-

83 2378 190 2446 gno
203 2357 466 2419 Consaluo
478 2397 499 2427 ‚
523 2362 748 2419 restituta
766 2363 984 2436 pecunIa
998 2399 1018 2429 ,
1045 2380 1214 2423 arcem
1228 2359 1519 2438 Aragoneis
1534 2361 1672 2436 resti-5

3 2444 6 2497 ζ
84 2450 216 2492 tuit.

1345 2737 1675 2799 ECCLE-
