2112 3214
134 1769 193 1808 De
208 1765 397 1820 spellam

136 1904 250 1959 Epist.
263 1916 280 1954 5
291 1917 326 1955 5-

136 2119 222 2161 Lib.
237 2129 252 2158 ι
260 2131 297 2166 4,

142 2236 223 2278 Lib.
234 2236 276 2274 de
293 2234 408 2276 tudi-

138 2302 243 2330 cteta.

139 2531 224 2576 Lib.
233 2536 274 2573 6.

425 113 501 168 38
806 103 1626 165 ‘PVTEOLANA

418 218 594 274 brutos
612 217 768 278 effent
783 222 1194 280 trisuerberaturi
1209 262 1225 276 .
1239 201 1556 278 Emittuntnr
1567 222 1620 274 in
1636 238 1846 277 caueam
1861 218 1890 279 ὲ
1907 227 2015 277 car-
2094 221 2098 227 '

417 297 616 351 ceribus
637 298 839 364 bestiae,
856 304 907 354 δε
924 318 1060 372 quae
1078 299 1414 354 credebantur
1425 299 1679 352 auidiores
1694 299 1746 350 in
1766 315 2013 373 martyres

419 374 666 443 impetum
685 373 885 431 facturae
901 415 918 441 ,
934 375 1179 431 ferociam
1196 394 1403 430 omnem
1425 371 1739 445 abijcient‘es,
1754 374 1821 429 ad
1836 392 2015 430 eorum

417 449 791 519 prouoluiintur
807 453 963 524 pedes
979 470 1138 524 atque
1156 468 1476 509 venerantur.
1495 451 1718 521 Capitur
1732 450 2015 505 luminibus

419 524 727 582 Timotheus
737 531 828 600 qui
842 528 1006 583 diuini
1021 529 1177 581 auxili
1180 532 1197 596 j
1214 546 1397 582 munus
1416 524 1657 598 inspicere
1668 544 1771 580 non
1788 526 2016 581 mereba-

419 614 521 663 tur,
538 618 658 655 mox
679 605 898 674 Ianuarii
913 604 1180 675 praecibus
1207 606 1299 676 qui
1315 603 1496 658 diuino
1510 601 1676 656 fuerat
1690 603 1881 656 lumine
1898 602 2015 656 illu-

420 677 598 731 stratus
614 715 630 739 ,
644 681 899 750 pristinam
914 682 1081 734 lucem
1097 677 1393 751 adipiscitur
1407 719 1421 733 .
1450 682 1574 752 Qo
1590 677 1748 741 fact0,
1768 675 2014 749 spectato-

418 769 530 806 rum
545 753 612 806 ad
625 756 858 828 quinque
874 755 1036 809 millia
1050 774 1171 810 cum
1188 757 1410 811 maxima
1426 756 1817 818 acclamatione,
1834 755 1905 807 rei
1921 771 2014 808 no-

418 828 579 881 uitate
591 833 828 898 permoti,
839 831 1199 903 indignitatem
1215 829 1409 887 sceleris
1428 832 1751 893 detestanteS‚
1767 829 2016 886 Christia-

418 919 487 956 na
501 903 765 978 relligione
783 908 972 961 initiari
987 909 1257 978 cupierunt
1270 945 1285 961 .
1310 906 1538 962 Auditus
1553 925 1617 961 ne
1633 924 1861 980 vnquam
1875 907 1945 960 est
1960 908 2014 961 in

417 975 523 1031 hoc
545 977 944 1052 Amphitheatro
959 979 1252 1047 huiusmodi
1273 981 1478 1054 plausus
1507 985 1530 1037 ἓ
1556 985 1708 1054 Qae
1721 984 1885 1036 maior
1898 979 2014 1037 sub·-

419 1051 572 1123 sellijs
586 1057 749 1130 gloria
765 1081 779 1117 3
794 1058 1074 1113 Vestalium
1095 1096 1113 1121 ‚
1129 1059 1435 1114 Senatorum
1450 1096 1469 1124 ,
1486 1056 1773 1114 Consulum
1788 1095 1806 1122 ,
1824 1076 1886 1111 an
1903 1054 2014 1109 An-

419 1129 654 1202 gelorum
673 1136 764 1206 qui
779 1133 974 1204 palmas
990 1131 1018 1187 ὲ
1034 1133 1219 1188 Libani
1234 1136 1376 1190 m6te
1391 1135 1726 1206 pertulerant,
1746 1129 1973 1187 consessu
1991 1133 2014 1186 ἒ

419 1205 487 1258 Et
500 1202 653 1262 sihoc
667 1208 935 1280 spectaculi
949 1226 1132 1282 genere
1158 1211 1211 1262 in
1238 1210 1526 1285 transfugas
1555 1207 1830 1263 Africanus
1847 1209 2013 1262 minor

416 1277 534 1335 vsus
552 1285 619 1337 est
637 1321 656 1348 ‚
670 1284 806 1339 recte
823 1286 874 1337 in
890 1286 1182 1339 Ianuarium
1196 1283 1413 1360 sociosq.
1432 1285 1507 1341 vsi
1523 1283 1634 1340 sunt
1647 1323 1662 1348 ‚
1699 1287 1791 1357 qui
1806 1284 1872 1339 ab
1886 1282 2016 1338 infe-

418 1355 580 1414 dilate
595 1359 653 1422 ,a
665 1361 951 1433 praestigiis·
964 1397 981 1422 ,
1015 1357 1044 1413 a
1072 1360 1383 1416 daemonum
1401 1363 1543 1416 cultu
1557 1360 1887 1416 abhorrentes
1904 1397 1924 1424 ,
1949 1358 2016 1414 ad

419 1431 741 1491 Christianae
757 1434 877 1490 fidei
888 1429 1031 1507 asylsi
1045 1473 1063 1500 2
1088 1437 1155 1490 ad
1169 1440 1272 1491 veri
1285 1438 1452 1492 cultus
1468 1437 1720 1492 honorem
1736 1475 1754 1501 ,
1766 1438 1830 1492 ad
1845 1437 2018 1490 Euan-

420 1508 523 1582 geli
525 1513 541 1580 j
554 1514 820 1567 veritatem
837 1510 1235 1585 transfugerunt.
1248 1517 1299 1568 Θ
1312 1511 1489 1569 misera
1505 1518 1589 1569 τῆς
1602 1512 2015 1568 Christianorum

421 1587 664 1640 condicio
681 1589 772 1660 qui
786 1588 992 1642 Bestiari
993 1590 1011 1656 j
1048 1588 1206 1642 veluti
1220 1587 1347 1643 serui
1358 1593 1410 1644 δε
1425 1591 1618 1662 captiui
1633 1587 1722 1642 sub
1737 1591 2018 1659 Imperato-

424 1660 564 1714 ribus
580 1662 901 1718 habebantur
911 1701 931 1726 ,
944 1678 1002 1718 vt
1015 1661 1045 1717 a
1060 1662 1177 1718 feris
1196 1663 1422 1720 humana
1437 1683 1653 1737 corpora
1667 1661 2017 1735 dissiparetur,

424 1739 1040 1794 aitTertullianuS.Hinc
1059 1741 1588 1803 ‚CHRISTIAN
1608 1743 1631 1795 Ι
1671 1739 1791 1794 AD
1829 1740 2018 1792 LEO-

428 1814 1056 1879 NEM2vel,CHRIS
1078 1815 1341 1872 TIANI
1378 1816 1501 1872 AD
1539 1811 2015 1873 BESTIASth

426 1889 704 1959 Ciprianus
720 1891 786 1945 de
798 1887 975 1960 seipso,
994 1891 1149 1938 Toties
1161 1893 1221 1937 ad
1233 1895 1419 1938 Leonem
1425 1896 1593 1954 petitus
1604 1893 1654 1938 in
1668 1891 1815 1945 Circo,
1831 1893 1891 1942 &2
1909 1889 2015 1936 Cla-

429 1977 549 2010 more
564 1965 857 2028 popularium
869 1963 1013 2010 denuc?
1029 1961 1291 2024 pofiulatus
1305 1965 1353 2011 in
1368 1966 1500 2012 Circo
1513 1999 1528 2012 .
1569 1963 1674 2020 Vbi
1691 1964 1878 2018 Circus
1897 1980 2014 2018 curn

430 2037 832 2111 Amphitheatro
848 2034 1203 2092 confunditur.
1232 2040 1378 2094 Nam
1392 2040 1580 2094 Paulus
1599 2042 1866 2094 Diaconus
1883 2078 1900 2103 ,
1927 2049 2017 2093 Po·
2090 2057 2094 2060 ·

421 2112 562 2177 palus
576 2116 710 2177 eoepit
723 2113 912 2159 clamare
923 2112 973 2157 e'n
986 2112 1325 2172 Amphitheatro
1337 2145 1347 2166 .
1380 2114 1549 2161 crudeli
1561 2113 1724 2162 bestiae
1742 2113 1913 2175 artfix
1927 2121 1994 2175 pa
2004 2136 2016 2145 ·

431 2175 592 2225 rabolis
597 2188 786 2240 pugnet,
805 2177 907 2231 hoc
926 2176 993 2231 est
1010 2176 1913 2245 carnificibus.Contificesfflaeoeeo‘mvs
1925 2195 2018 2250 ap-

429 2254 627 2327 pellant
646 2251 827 2308 Gloffae
839 2294 853 2306 .
878 2252 1040 2324 Qod
1054 2256 1398 2309 Tertullianus
1417 2294 1434 2318 ,
1450 2257 1524 2301 Ad
1533 2256 1683 2318 bqstias
1689 2253 1990 2317 pronunciari
2005 2284 2020 2310 ‚

432 2330 566 2385 dixit
578 2368 593 2383 .
621 2330 687 2382 Et
701 2331 927 2400 Ignatius
945 2346 1059 2381 cum
1077 2326 1195 2383 feris
1210 2347 1438 2404 pugnare
1455 2328 1694 2400 cupiebat
1710 2366 1727 2392 ,
1755 2330 1848 2401 qui
1863 2330 2019 2382 etiam

431 2404 572 2475 apud
586 2405 777 2458 Hieron
818 2421 959 2456 mum
975 2404 1026 2454 in
1041 2403 1331 2478 CatalogO,
1350 2405 1378 2459 a
1404 2405 1708 2459 Christianis
1724 2402 1868 2474 saepe
1885 2402 2018 2457 feras

432 2477 716 2536 abstinuisse
730 2498 758 2532 a
782 2480 901 2532 serit
915 2518 927 2530 .
955 2478 1021 2531 Et
1037 2493 1207 2533 tamen
1224 2479 1253 2534 a
1267 2480 1384 2534 feris
1401 2481 1694 2543 dilacerari,
1714 2480 1862 2532 ludus
1877 2479 2020 2533 dice·

432 2554 611 2616 batum
627 2552 818 2609 idcirco
833 2555 1097 2615 Firmicus,
1117 2556 1574 2613 Damnationessunt‚
1590 2553 1765 2606 metalli,
1779 2556 1923 2614 operis
1929 2565 2018 2615 pu·

430 2628 553 2683 birci,
570 2628 694 2691 exily‘
706 2660 717 2680 ‚
730 2628 829 2675 ludi
847 2659 862 2684 ,
876 2626 1010 2682 scilic
1018 2645 1067 2681 et
1083 2626 1326 2685 ferarum3
1358 2642 1414 2680 vt
1428 2623 1678 2698 Vopiscus
1695 2628 1746 2680 in
1761 2626 2016 2693 Claudio,

431 2699 560 2748 Ludo
575 2698 749 2765 publico
763 2699 1004 2769 deputatos.
1024 2706 1177 2779 Qae
1191 2719 1309 2757 nam
1322 2703 1478 2777 igitur
1494 2721 1646 2759 voces
1661 2740 1679 2769 ,
1693 2721 1827 2779 quae
1840 2700 1982 2759 fibila
1996 2740 2015 2768 ,

1926 2782 2020 2854 qui

2107 19 2112 104 ἰ

2109 106 2112 186 1
