2112 3214
367 169 449 217 64
732 147 884 206 DE
986 147 1586 205 BALNEIS

364 278 520 317 aureo
539 258 656 313 velo
675 256 987 318 obducitur,
1013 271 1172 326 atque
1193 253 1264 310 ita
1282 273 1337 310 vt
1367 273 1506 311 totus
1522 255 1638 312 fons
1655 275 1780 315 auro
1807 258 1975 333 pellu-‘

362 337 510 391 cidus
527 332 863 405 conspiciatur
880 354 892 391 ς
930 348 1052 384 tunc
1073 329 1195 383 vero
1227 332 1452 386 maxime
1468 353 1586 388 cum
1604 354 1771 407 aquae
1787 336 1815 392 ὲ
1834 338 1973 394 Solis

365 415 521 481 radijs
538 411 869 465 verberantur
883 447 896 459 .
941 406 1102 478 Qiod
1120 403 1158 458 fi
1173 408 1292 478 quis
1308 409 1496 485 Balnei-
1513 412 1751 468 virtutem
1765 412 1973 472 noscere

366 491 535 564 cupit,
557 487 687 542 Auri
703 488 945 541 virtutem
965 501 1071 536 non
1088 483 1291 554 ignoret
1304 522 1319 536 .

1013 589 1330 674 Argenti.

444 725 613 800 Prope
632 724 862 791 Aureum
877 719 1123 780 Balneum
1141 763 1157 789 ,
1188 722 1377 799 exiguo
1394 723 1568 789 fonte,
1598 727 1775 782 nitidis
1788 726 1980 783 diluci-

364 802 497 879 disq.
519 806 668 880 aquis
684 803 1002 876 Argenteum
1019 804 1107 866 est,
1125 804 1270 875 quod
1287 819 1527 875 argentea
1543 821 1760 876 quoque
1775 806 1876 859 tela
1898 821 1976 859 te·-

358 885 508 954 gitur
524 922 538 936 .
581 882 646 934 Et
660 899 794 953 quae
811 882 861 932 in
881 877 1024 933 Auro
1042 877 1239 944 insunt,
1272 881 1324 934 in
1344 878 1579 952 Argento
1595 878 1976 953 quoqueineffe

370 975 522 1012 nemo
537 960 606 1012 est
625 959 717 1028 qui
733 971 966 1011 vereatur
979 996 991 1009 .
1037 958 1219 1029 anue
1236 975 1286 1012 re
1304 957 1501 1011 tantum
1518 955 1778 1022 differunt,
1799 975 1906 1033 qua
1921 961 1976 1013 &

367 1034 612 1091 industria
631 1037 683 1089 &
699 1050 911 1089 naturae
928 1035 1127 1088 actione
1143 1032 1342 1089 differre
1358 1049 1614 1108 coguntur
1629 1073 1644 1088 .

852 1141 1052 1229 Calae
1072 1139 1461 1210 Vmbraschi
1483 1188 1500 1205 .

448 1264 645 1322 Saliens
660 1282 955 1339 aqua2quae
968 1265 1106 1322 illico
1126 1266 1284 1322 veluti
1299 1284 1364 1320 ex
1377 1283 1501 1337 rupe
1516 1263 1821 1337 praecipitat
1835 1302 1848 1316 .
1866 1258 1982 1317 Cass.

367 1339 505 1406 lida,
524 1343 695 1398 lucida
709 1381 725 1407 ,
742 1343 907 1398 dulcis
926 1382 940 1408 ,
956 1340 1397 1415 aerisffiluminisq.
1413 1344 1663 1397 mixtione
1679 1382 1694 1398 .
1736 1341 1944 1414 Capitis
1959 1376 1980 1405 ,

368 1437 643 1477 neruorum
660 1459 677 1486 ,
696 1420 1083 1493 articulorumq.
1101 1418 1311 1473 morbos
1334 1416 1513 1475 soluit.

1016 1527 1290 1594 Colatae
1312 1575 1329 1588 .

444 1648 789 1707 Calidisfimae
802 1692 817 1716 ‚
843 1651 1032 1726 quibus
1062 1653 1235 1708 linteis
1265 1650 1609 1726 abstergendis
1642 1650 1809 1720 lixiuij
1856 1647 1980 1703 loco

365 1729 602 1783 mulieres
618 1746 831 1785 Vtuntur
846 1770 859 1783 .
892 1732 948 1784 In
964 1728 1083 1801 ipsis
1101 1748 1202 1784 oua
1220 1728 1711 1803 coquunt‚glabrant
1725 1725 1981 1790 lue3,coe-

366 1820 580 1878 teraque
596 1804 875 1860 conficiunt
890 1844 907 1868 ,
931 1824 1067 1878 quae
1086 1807 1252 1860 calida
1267 1806 1334 1859 ad
1350 1811 1521 1880 ignem
1537 1823 1676 1876 aqua
1692 1801 1881 1858 confici
1899 1800 1979 1855 so-

365 1881 474 1936 lent
502 1922 515 1934 .
559 1882 909 1955 Qamobrem
928 1882 1193 1936 caliditate
1224 1886 1443 1936 coeteris
1471 1881 1786 1936 antecellunt
1811 1919 1825 1932 .
1874 1880 1980 1931 Ex-

366 1975 624 2011 crementa
652 1959 816 2011 nitida
833 1974 1107 2028 apparent,
1144 1976 1303 2031 atque
1328 1957 1525 2012 idcirco
1542 1957 1745 2028 aliquid
1773 1956 1901 2008 aeris
1917 1973 1977 2007 o·-

364 2033 602 2088 stendunt
615 2072 630 2085 .
665 2031 879 2086 Morbos
895 2032 1112 2106 frigidos
1131 2037 1182 2088 ὃς
1198 2034 1440 2088 humidos
1457 2056 1470 2094 3
1490 2034 1727 2095 oculoru,
1743 2033 1978 2092 aurium,

366 2111 548 2180 capitis
567 2105 857 2164 affectiones
874 2148 888 2172 2
907 2110 1015 2163 tum
1030 2112 1079 2162 in
1096 2113 1268 2180 primis
1283 2111 1625 2164 Emicraniam
1639 2147 1656 2171 ,
1675 2110 1975 2180 pituitamq.

365 2185 591 2255 expellit.
613 2185 1185 2257 ParaliticisAEpileptici
1193 2185 1262 2258 sq.
1285 2188 1535 2241 medetur.
1551 2186 1780 2257 Frigidas
1796 2202 1858 2238 ex
1873 2200 1980 2236 me-

365 2263 530 2315 moria
549 2258 911 2331 superfluitates
931 2266 994 2329 eij
1003 2266 1072 2316 cit
1088 2303 1101 2314 .
1122 2261 1410 2317 Asmaticos
1430 2266 1576 2317 iuuat
1594 2302 1609 2315 .
1627 2265 1876 2331 Perpetua
1892 2277 1979 2312 ae-

365 2340 492 2393 state
504 2375 520 2400 ,
556 2353 663 2391 tum
682 2356 927 2411 regnante
959 2341 1215 2393 Canicula
1228 2340 1428 2410 prodest
1444 2379 1456 2392 .
1498 2342 1550 2393 Si
1570 2356 1673 2410 qua
1691 2337 1871 2390 mulier
1902 2336 1979 2388 la-

363 2417 444 2468 cte
459 2416 677 2468 caruerit
695 2452 712 2477 ,
737 2432 978 2487 panemq.
996 2417 1048 2470 in
1068 2414 1166 2470 hac
1185 2433 1323 2489 aqua
1338 2411 1979 2487 intinxe1·it,ederitquelac

374 2489 582 2563 copiose
595 2489 905 2563 prouocabit
920 2530 933 2543 .

1002 2608 1335 2701 Sinigallae
1355 2661 1369 2676 .

440 2713 681 2767 Odoratis
701 2716 852 2786 aquis
875 2754 890 2779 ,
914 2715 1078 2770 lacteo
1097 2718 1269 2773 colore
1283 2756 1300 2780 ‚
1314 2718 1502 2791 liquidi
1519 2719 1757 2773 aluminis
1773 2719 1984 2773 mixtio-

362 2806 426 2847 ne
443 2827 460 2854 ‚
475 2787 566 2844 etfi
583 2789 823 2864 argillosa
840 2791 912 2847 ibi
932 2809 1066 2848 terra
1083 2831 1102 2859 2
1118 2797 1315 2859 cinere,
1331 2796 1504 2860 ealce,
1525 2793 1687 2872 gypso
1701 2797 1980 2851 illita.Non

1759 2888 1960 2927 tanturn
