2112 3214
334 122 424 196 ‘ie'
725 117 1552 181 ‘PVTEOLANA

337 235 531 292 minico
548 252 721 291 autem
748 236 832 292 die
857 275 874 301 ‚
903 240 996 309 pro
1013 235 1326 290 Dominicae
1340 229 1735 287 Resurrefflonis
1753 230 1915 305 gloria
1929 268 1949 295 ,

337 311 600 386 refrigerio
623 312 880 377 fruuntur,
899 330 974 385 qu
987 312 1060 367 od
1075 310 1380 366 Prudentius
1396 311 1604 365 testatur
1618 311 1670 364 in
1687 308 1884 384 hymno
1899 326 1950 363 v.

340 387 410 442 ad
423 387 686 445 Incensum
703 391 859 445 Cerei
876 386 980 444 Pas
972 387 1134 444 chalis
1146 427 1166 453 ‚

607 513 730 558 Sunt
743 510 803 569 &⁴
815 509 1047 574 spiritibus
1060 508 1194 574 sc'zepe³
1206 505 1467 556 nocentibus

606 589 866 635 Poenarum
880 572 1059 636 celebres
1072 585 1164 650 fitb
1182 576 1470 652 Stygefiriae
1482 617 1503 640 ,

611 664 702 712 Illa
714 665 838 713 nodie
848 653 992 727 ,ficar
1004 680 1094 729 qua
1108 665 1237 729 rfiedy't
1247 668 1377 713 Deus

618 744 800 807 Stagnis
814 741 872 789 ad
879 742 1070 808 sitperos
1085 758 1145 790 ex
1158 742 1480 791 Acheronticis.

57 863 260 915 Desiderim
425 844 612 902 Asserit
624 864 881 917 praeterea
894 847 1031 901 idem
1059 849 1347 902 Damianus
1379 887 1397 912 ,
1427 847 1457 902 ὲ
1481 845 1751 903 Desiderio
1781 846 1956 902 Abate

59 918 198 957 Abba*
351 921 654 980 Casfinenfis
669 925 942 978 Monasteri
946 927 962 992 j
982 923 1081 977 hac
1097 926 1392 995 opinionem
1409 922 1553 978 fuiffe
1566 926 1821 989 reiectam,
1839 922 1957 977 cum

352 1002 461 1054 eius
479 997 660 1070 scripta
673 998 986 1073 legiffet.Sed
1005 1000 1399 1056 cumebertus
1414 997 1612 1055 dixisset
1624 998 1672 1054 se
1691 1001 1743 1055 id
1765 999 1958 1055 accolis

353 1076 654 1138 relaturum,
666 1072 772 1129 rem
784 1094 903 1147 neq;
926 1075 1172 1130 affirmare
1187 1115 1205 1140 ‚
1219 1094 1337 1148 neq3
1356 1094 1544 1150 negare
1559 1095 1675 1130 eum
1691 1074 1920 1131 voluiffe.

409 1153 552 1206 Idem
565 1154 617 1204 in
633 1152 854 1222 Epistola
874 1152 939 1206 ad
958 1154 1276 1206 Damianum
1292 1153 1608 1214 Loricatum,
1622 1152 1687 1205 ab
1705 1153 1836 1206 eode
1853 1154 1965 1205 De-

356 1226 541 1283 siderio
558 1229 651 1299 qui
669 1229 929 1281 Romanus
948 1228 1186 1281 Pontifex
1205 1227 1444 1282 Vrbanus
1465 1227 1729 1282 Secundus
1744 1227 1862 1291 fuit,
1879 1245 1966 1281 ac-

359 1301 538 1375 cepiffe
562 1302 717 1357 tradit
733 1341 749 1366 ,
779 1303 975 1357 seruum
993 1306 1096 1357 Dei
1122 1304 1500 1374 Neapolitanae
1518 1306 1741 1377 regionis
1755 1307 1806 1358 in
1821 1320 1968 1376 prae-

358 1397 510 1451 rupta
529 1397 653 1451 rupe
670 1380 734 1433 ad
751 1381 888 1433 viam
905 1380 1161 1450 publicam
1191 1378 1437 1435 habitaffe
1463 1378 1735 1434 solitariam
1750 1382 1857 1435 vita
1877 1380 1967 1434 de-

362 1472 588 1529 gentem,
601 1473 776 1528 eumq.
791 1457 974 1509 nimirsi
988 1455 1110 1509 dum
1129 1455 1368 1509 diuturno
1385 1471 1614 1527 tempore
1633 1454 1863 1528 psalleret
1879 1494 1896 1519 ,
1912 1459 1965 1509 &
2044 1488 2048 1490 ἡ

74 1557 172 1608 Vifio
183 1571 296 1611 quae·
361 1533 628 1587 fenestram
646 1531 858 1585 cellulae
875 1530 1060 1585 horarfi
1077 1532 1369 1602 explorator
1382 1534 1628 1602 aperiret,
1644 1530 1817 1586 vidisse
1833 1531 1968 1590 mul-

70 1612 177 1652 dam.
363 1625 446 1664 tos
468 1610 640 1681 nigros
659 1605 893 1660 homines
910 1608 1068 1661 veluti
1083 1605 1367 1677 Aethiopes
1387 1609 1482 1660 iter
1497 1625 1718 1678 carpere,
1735 1611 1787 1661 ὃ(
1806 1609 1968 1682 longo

365 1687 529 1739 traditu
546 1682 762 1737 sarcinas
781 1681 1057 1737 ferentibus
1076 1684 1458 1737 comminari.Et
1471 1682 1587 1736 cirm
1601 1682 1665 1737 ab
1680 1686 1742 1752 ijs
1755 1701 1972 1756 percun-

367 1764 532 1815 &atus
554 1758 672 1813 effet
687 1798 704 1822 2
737 1761 961 1830 quinam
979 1761 1207 1831 gentium
1225 1755 1377 1812 effent
1393 1796 1410 1821 ,
1440 1763 1492 1812 δε
1520 1778 1625 1831 qua
1642 1759 1708 1814 de
1728 1758 1873 1815 causa
1888 1763 1970 1814 iu-

369 1853 659 1892 mentorum
680 1835 868 1905 pabula
884 1835 1234 1888 deuectarent?
1246 1835 1498 1906 malignos
1516 1833 1814 1905 respondisse
1828 1835 1969 1907 spiri-

373 1929 454 1967 tus
471 1909 573 1966 esse
590 1949 606 1974 ,
625 1912 714 1982 qui
732 1929 836 1963 non
852 1910 1121 1980 pecoribus
1138 1910 1346 1981 pabula,
1361 1909 1444 1964 sed
1459 1909 1756 1965 hominibus
1771 1910 1973 1965 fomen-

375 2006 427 2043 ta
441 2002 678 2058 pararent
691 1984 896 2059 ignibus
927 1985 1285 2039 comburendis
1313 2025 1326 2037 .
1357 1987 1505 2040 Citat
1521 1985 1764 2040 Illustriss.
1783 1989 1974 2042 Cardia

376 2064 506 2125 nalis
533 2064 780 2116 Baronius
800 2101 814 2114 .
854 2059 942 2114 Ad
961 2063 1240 2132 Principem
1260 2063 1475 2132 Capuae
1493 2061 1855 2133 Pandolphum
1876 2101 1893 2125 ,
1920 2067 1972 2117 &

87 2181 194 2225 som.
212 2194 271 2221 ω,
377 2142 623 2194 Ioannem
643 2138 846 2190 Ducem
867 2138 1330 2207 Neapolitanorum
1360 2156 1420 2191 ea
1447 2136 1715 2191 transferre
1743 2138 1974 2201 videtur,

89 2234 328 2286 Pandulphus
379 2232 436 2271 vt
456 2215 714 2284 Principes
731 2213 798 2266 ad
813 2211 1001 2265 inferos
1023 2213 1390 2267 condemnatos
1408 2213 1690 2267 ostenderet
1703 2254 1716 2267 .
1733 2216 1976 2284 Qapro-
2061 2231 2070 2238 ’

86 2294 247 2393 {3³12
251 2290 298 2377 αἱ
299 2300 358 2376 31¹5}
383 2307 493 2363 pter
509 2292 698 2342 Ioanne
716 2304 922 2341 mortuo
944 2286 1222 2345 Vesuuium
1239 2291 1290 2341 in
1306 2288 1536 2342 flammas
1556 2287 1762 2362 erupisse
1777 2306 1977 2354 narrat,
1998 2312 2001 2314 ·

181 2368 192 2389 5

89 2399 185 2436 Dux
205 2397 333 2444 Neap.
383 2365 521 2423 vnde
537 2364 779 2428 videlicet
793 2362 1030 2438 gehenna
1040 2363 1334 2437 frequenter
1349 2367 1557 2419 emetat.

1859 2835 1987 2889 Diui
