2112 3214
432 189 512 243 48
812 177 1657 236 DEBALNEIS

425 289 636 362 aliaque
657 285 934 361 perniciosa
952 289 1073 342 vitia
1101 325 1115 340 .
1149 287 1319 344 valere
1333 289 1456 343 item
1473 291 1524 344 in
1537 288 1764 347 febribus
1781 306 1899 347 cum
1913 287 2034 344 Pla-

425 384 522 441 gae
541 369 691 441 aquis
706 369 757 421 ὃς
778 364 1005 419 Tritulae
1020 401 1038 428 ‚
1065 362 1149 417 sed
1165 363 1419 436 pituitofis
1434 405 1448 419 .

885 467 1164 558 Subfidij
1188 470 1523 538 hominum
1551 521 1568 538 .

499 593 584 647 Sic
601 592 823 663 appellat
849 593 1170 646 Franciottus
1188 629 1205 652 ‚
1240 590 1386 664 quod
1417 591 1604 665 vulgus
1621 628 1637 655 ‚
1671 597 1831 658 Zuppa
1854 592 2023 640 d'huo-

424 668 542 715 mini
554 708 568 722 .
602 670 799 741 Mengo
815 666 1055 722 nitrosum
1090 671 1142 722 &
1161 667 1504 740 ferrugineum
1522 669 1591 721 est
1608 707 1620 720 .
1659 667 1892 740 Vgolino
1908 683 2031 720 cau-

422 741 498 799 sas
513 743 726 817 frigidas
747 761 980 797 remouet
998 782 1013 805 ,
1042 745 1256 814 pdtoris
1272 742 1528 798 defectum
1544 743 1680 797 tollit
1694 782 1712 806 ,
1747 747 1800 797 &
1830 742 2031 797 confert

422 821 649 875 articulis
667 858 682 873 .
705 818 1004 874 ObstruCtae
1015 819 1087 873 ibi
1103 837 1353 892 aquarum
1366 838 1527 874 venae
1538 817 1588 873 su
1596 835 1652 873 nt
1667 817 1811 874 fonte
1828 819 2023 881 relidtm

423 914 560 969 quae
574 912 744 950 tamen
763 893 852 949 sub
866 914 1018 950 arena
1032 895 1167 952 infra
1189 911 1420 969 cryptam
1435 900 1488 949 &
1504 914 1644 949 mare
1656 896 2022 968 perquiruntur

422 973 709 1028 Maximam
726 973 790 1040 ijs
813 972 999 1025 medici
1015 971 1243 1026 tribuunt
1256 970 1597 1026 salubritatem
1611 1010 1628 1035 ,
1660 991 1723 1026 ex
1741 989 1844 1044 qua
1858 971 2027 1023 nomi-

421 1051 501 1104 nis
519 1064 723 1102 emanat
738 1045 1049 1121 significatio
1064 1086 1081 1111 ,
1112 1050 1297 1102 mirum
1309 1050 1445 1101 enim
1478 1050 1528 1100 in
1560 1048 1771 1102 modum
1803 1047 2024 1119 aegrotis

421 1122 683 1178 subuenire
702 1123 965 1178 dicuntur.
1006 1122 1094 1178 Ad
1111 1124 1394 1197 podagram
1411 1123 1683 1193 plurimum
1710 1123 1879 1177 valere
1911 1119 2028 1174 scri-

421 1201 497 1254 bit
514 1197 1001 1255 Altimarus.Elifius
1017 1238 1033 1263 ,
1055 1201 1241 1254 tumidi
1256 1201 1441 1253 ventris
1467 1216 1620 1251 onera
1637 1199 2028 1269 deponere‚om-

421 1293 647 1348 nemque
661 1276 852 1331 doloris
867 1274 1080 1346 speciem
1099 1276 1293 1330 auferre
1310 1316 1324 1328 .
1340 1274 1638 1328 Debilitatis
1655 1291 1823 1329 tamen
1837 1273 2026 1327 restau-

422 1353 677 1408 rationem
693 1351 951 1427 ptaeclare
967 1353 1199 1406 lauantes
1216 1348 1562 1424 adipiscuntur
1575 1389 1590 1404 .
2014 1359 2017 1362 ’

981 1458 1426 1526 Orthodonici
1451 1506 1466 1522 .

502 1578 564 1631 In
579 1574 788 1631 Olibani
804 1577 1062 1633 radicibus
1080 1578 1131 1632 in
1159 1577 1430 1633 Puteolani
1446 1575 1684 1648 Episcopi
1700 1575 1863 1629 hortis
1879 1574 2026 1629 laua-

423 1671 567 1707 crum
585 1653 652 1707 est
669 1653 734 1707 ad
750 1654 895 1725 quod
914 1674 1000 1727 per
1017 1655 1206 1709 multos
1225 1654 1411 1728 gradus
1429 1652 1746 1708 descenditur
1765 1691 1779 1715 ,
1800 1669 2024 1723 quapro-

425 1746 538 1802 pter
570 1728 723 1787 flante
757 1728 944 1785 Austro
971 1731 1110 1784 calor
1135 1734 1269 1784 intus
1305 1729 1526 1784 inclusus
1542 1768 1557 1792 ,
1575 1729 1915 1783 exhalationis
1935 1745 2024 1780 ex-

425 1823 538 1876 pers
556 1843 571 1867 ,
588 1808 830 1859 intrantes
847 1823 1030 1861 enecat
1045 1847 1057 1859 .
1100 1804 1274 1861 Graue
1288 1804 1358 1859 ibi
1374 1805 1602 1876 profecto
1621 1806 1763 1858 olens
1787 1802 2015 1874 spiritu3‚

427 1884 479 1934 ὃς
497 1880 742 1951 Mephitis
766 1919 780 1934 .
825 1880 1045 1936 Auditas
1062 1881 1133 1935 ibi
1153 1881 1431 1953 aliquando
1447 1882 1725 1953 lugentium
1746 1898 1899 1934 voces
1918 1876 2020 1931 sae-

425 1958 540 2029 pius
558 1956 683 2009 mihi
703 1954 902 2011 asseruit
917 1958 1213 2010 Leonardus
1231 1958 1416 2010 Vairus
1435 1955 1709 2027 Episcopus
1727 1994 1739 2007 .
1772 1954 1930 2024 Aqua
1945 1970 2022 2006 ta·-

429 2050 545 2086 men
567 2033 744 2085 educita
761 2050 975 2104 corpora
992 2031 1217 2087 febribus
1233 2029 1529 2102 consumpta
1548 2034 1788 2084 restaurat
1806 2068 1820 2091 ,
1838 2030 2023 2082 stoma-

429 2106 515 2161 chi
530 2123 627 2161 nau
635 2104 763 2161 seam
774 2108 986 2179 expellit
1002 2146 1018 2171 ‚
1047 2106 1343 2179 ephemeras
1360 2110 1412 2161 ὃς
1426 2123 1648 2161 errantes
1664 2105 1828 2159 febres
1849 2104 1986 2157 tollit
1999 2141 2018 2167 ,

430 2187 482 2237 ἃ
499 2180 721 2313 ιηῗκὶιῃὲ
741 2183 806 2236 ad
821 2182 1028 2256 phtifim
1042 2199 1241 2256 paratas
1260 2222 1275 2237 .
1317 2181 1408 2238 Ad
1424 2180 1712 2238 sudationes
1727 2219 1745 2245 ‚
1774 2181 1893 2235 &in
1908 2179 2025 2234 Bal-

428 2276 536 2314 neis
577 2275 762 2313 umitur
777 2298 792 2313 .

1030 2332 1383 2400 Calaturae
1411 2381 1429 2399 .

505 2457 806 2513 Celaturam
824 2459 1143 2513 Franciottus
1163 2497 1179 2524 ,
1210 2452 1550 2516 Collaturam'
1565 2454 1854 2527 Vgolinus>
1893 2450 2022 2508 Cal-

429 2550 656 2589 caturam
671 2535 856 2608 vulgus
880 2574 895 2588 .
944 2532 1222 2589 Descendit
1251 2553 1389 2606 aqua
1414 2552 1477 2586 ex
1505 2533 1640 2600 rupis
1666 2530 1820 2583 latere
1840 2567 1856 2592 ,
1886 2545 2025 2600 quae

430 2626 601 2680 turpes
618 2629 681 2664 ex
694 2629 781 2664 ore
797 2626 943 2664 notas
972 2627 1231 2672 remouet‚
1266 2607 1530 2664 stomacho
1562 2604 1822 2667 subuenit‚
1861 2600 2023 2658 tussim

429 2683 577 2757 fugat
594 2724 609 2749 ,
634 2702 930 2814 ρὲεεῑετιῑαε
948 2686 1187 2759 crapulas
1203 2685 1390 2761 digerit
1413 2723 1431 2749 ,
1452 2698 1676 2739 mentem
1697 2678 2025 2742 corroborat,

431 2762 656 2816 corlaeti
698 2778 809 2818 cat.

1808 2874 1860 2930 S.
1881 2869 2024 2929 Ana-
