2112 3214
122 282 157 317 F
159 281 277 319 alaim
290 286 319 321 C
321 298 364 321 on
373 308 381 312 ·

111 333 282 385 stanin-es.

112 776 295 816 Marinus

109 832 223 882 Duff}
229 881 244 892 ο

104 1204 180 1243 ῙᾸῖΤ
191 1217 224 1253 5·
239 1218 280 1255 de
293 1218 363 1256 reb.

94 1258 180 1310 gest.
199 1265 305 1322 Alphe

427 115 506 163 76
786 108 1646 169 ‘PVTEQLANA

410 231 548 278 core,
563 217 827 275 titulorum
843 223 1177 294 amplitudine
1195 224 1404 276 emicuit
1423 263 1436 275 .
1465 225 1569 278 Cui
1597 241 1763 277 tamen
1781 217 2015 306 maxime}

411 290 613 346 addidit
639 295 832 351 lumina
851 302 1057 353 Fuluius
1074 301 1401 353 Constantius
1418 337 1432 361 ³
1463 302 1512 352 in
1530 319 1637 371 qUO
1655 298 2022 377 Neapohtassa„

411 368 591 421 ciuitas
609 376 777 426 omnia
798 375 991 447 gloriae
1006 392 1302 429 ornamenta
1321 375 1598 437 collocauit
1615 414 1630 438 ‚
1660 379 1710 428 &
1741 376 1830 446 qui
1854 390 2000 443 prae-

409 441 549 496 claro
566 448 763 501 virtutis
784 454 834 503 ὃς
852 453 1107 503 comitatis
1127 453 1364 504 encomio
1382 453 1613 504 omnium
1626 453 1677 503 in
1701 449 1748 504 se
1765 468 1856 501 ora
1875 466 2004 500 con-

406 521 576 583 uertit,
593 521 840 595 Philippis
869 529 943 579 11.
969 531 1019 579 δε
1048 528 1154 579 111.
1179 525 1381 589 charuS,
1393 525 1623 598 supremo
1639 525 1865 596 Neapoli
1881 526 2001 577 Ma·-

405 596 683 667 gistratu,&
701 599 1089 655 Marehionatus
1109 603 1260 655 titulo
1278 600 1562 674 insignitus.
2094 629 2097 638 ¹

482 682 523 734 B
538 684 587 732 O
603 685 638 734 F
653 686 689 734 F
705 680 755 734 A
771 685 830 736 M
869 682 1116 737 familiam
1134 686 1465 739 Puteolanam
1482 725 1499 749 a
1513 685 1742 738 Marinus
1759 683 1844 737 ille
1857 683 1998 753 apud
2034 748 2045 754 ἰ
2094 757 2097 760 ψ

407 755 652 809 Ioannam
670 760 917 831 Reginam
934 762 1115 832 Magni
1132 762 1404 828 Cacellarij
1422 759 1593 815 officio
1607 760 1809 814 funerus
1823 759 1994 831 (quod
2094 775 2097 783 ’

406 831 453 882 ei
469 849 649 885 munus
663 833 890 887 delatum
906 836 976 889 est
989 853 1126 889 anno
1161 855 1181 888 1
1193 856 1258 906 41
1277 854 1323 903 5.
1348 837 1470 891 dum
1488 839 1684 910 Regina
1699 838 1878 908 Regno
1892 853 1990 905 po-

406 907 498 959 tita
512 904 665 973 esset)
696 909 958 963 illustrauit
973 948 991 973 ‚
1021 913 1165 964 cuius
1180 912 1364 965 deinde
1376 911 1675 966 successores
1686 911 1715 966 a
1727 911 1992 964 loannella

402 981 723 1038 Extendarda
739 988 844 1057 qua
863 1003 1069 1039 onrem
1087 1005 1349 1058 acceperat
1361 1025 1381 1050 2
1396 988 1704 1041 Extendardi
1721 986 1841 1039 dieti
1855 983 1988 1039 sunt.

398 1058 784 1113 Procuratorem
800 1064 964 1130 primo
978 1060 1223 1115 Francisci
1239 1062 1459 1116 Sfortiae
1473 1062 1616 1117 fuiffe
1632 1062 1792 1116 asserit
1809 1060 1991 1114 Aelius

394 1133 730 1189 Marehefiim.
748 1138 953 1189 Deinde
969 1135 1392 1191 Iurisconsultum.
1404 1141 1525 1191 Eius
1541 1138 1828 1191 matrimoni
1831 1140 1846 1204 j
1868 1154 1989 1189 cau-

392 1204 442 1260 sa
459 1210 620 1263 multa
634 1208 725 1263 {ibi
741 1213 935 1282 oppida
953 1216 1288 1284 comparauit.
1303 1212 1461 1285 Apud
1481 1216 1689 1267 Facium
1709 1250 1726 1275 ,
1747 1210 1986 1282 Alphon-

391 1279 475 1337 sus
485 1286 591 1337 Rex
608 1287 764 1339 castra
780 1292 829 1339 in
859 1287 1127 1341 Nolanum
1149 1307 1362 1343 mouens
1379 1328 1399 1353 ,
1425 1292 1655 1344 inducias
1672 1306 1758 1358 per
1784 1288 1987 1359 aliquot

392 1357 503 1412 dies
521 1358 644 1414 fecit
660 1381 777 1415 cum
796 1364 997 1416 Marino
1013 1361 1176 1426 Bois-a,
1193 1366 1283 1437 qui
1298 1365 1500 1419 Vallem
1518 1364 1814 1419 Caudinam
1826 1380 1983 1415 occu-

389 1451 603 1506 pauerat
619 1476 632 1489 .
666 1440 838 1509 Qem
854 1455 1024 1492 tamen
1042 1440 1108 1493 ad
1123 1439 1373 1510 Arpaiam
1385 1441 1580 1494 Castris
1597 1437 1771 1511 pofitis
1788 1476 1806 1501 ,
1832 1435 1983 1491 scalis

390 1509 612 1565 admotis
627 1550 642 1574 2
659 1513 1122 1587 propugnatoribus
1135 1517 1329 1569 reiedtis
1346 1553 1362 1578 ,
1386 1513 1501 1570 vius
1524 1514 1794 1569 naualibus
1827 1510 1979 1579 socijs

390 1583 536 1656 quod
560 1588 611 1639 in
628 1589 1095 1661 oppugnationibus
1124 1608 1214 1643 eos
1238 1591 1477 1661 perutiles
1495 1589 1590 1644 effe
1607 1587 1944 1644 arbitraba-tur
1958 1625 1980 1651 ‚

389 1663 653 1730 captiuum
665 1666 815 1718 duxit
826 1704 841 1717 .
857 1666 1050 1737 Cumq.
1065 1664 1374 1736 Argentium
1389 1668 1516 1740 Regi
1529 1663 1759 1728 dedisset,
1771 1665 1976 1718 veniam

385 1736 678 1806 impetrauit
691 1778 705 1791 .
736 1743 901 1794 Tanta
916 1759 1031 1794 cum
1045 1740 1187 1794 Boffa
1203 1745 1255 1794 ὃ(
1269 1743 1471 1796 Renato
1483 1744 1621 1814 Rege
1638 1736 1979 1795 intercess'erat
2091 1784 2093 1787 ,

385 1810 696 1867 neceffitudo
710 1852 729 1877 2
743 1833 797 1868 vt
813 1813 970 1869 diffidi
973 1820 989 1883 j
1007 1820 1137 1869 inter
1152 1815 1474 1888 Alphonsurn
1487 1821 1539 1872 ὃς
1556 1822 1801 1871 Ioannam
1814 1852 1833 1878 ,
1846 1812 1977 1870 Bof·
2053 1879 2058 1882 ῃ
2090 1822 2093 1859 ἱ

383 1884 492 1941 fam
507 1890 788 1943 existiment
798 1889 942 1944 fuisse
957 1896 1231 1946 auetorem.
1757 1953 1762 1959 ,
2090 1913 2092 1922 ’

476 1964 517 2014 E
535 1967 581 2016 X
620 1966 707 2017 CI
723 1969 771 2018 O
785 1969 823 2019 F
838 1970 875 2019 F
887 1969 909 2019 1
923 1969 961 2020 S
983 2005 1000 2029 ,
1042 1970 1256 2021 Ioannes
1285 1966 1519 2025 Andreas
1546 1964 1747 2025 Praefes
1776 1973 1970 2046 Regiae

382 2038 636 2092 Gamerae
650 2039 748 2093 fuit
760 2038 850 2094 sub
861 2041 1082 2113 Regibus
1097 2041 1383 2116 Aragoneis
1398 2085 1411 2097 .
1433 2041 1685 2101 Paschalis
1699 2046 1818 2102 vero
1831 2051 1972 2119 apud

381 2113 630 2166 Ioannam
645 2117 719 2167 11.
734 2114 765 2168 a
780 2118 993 2170 Secretis
1009 2117 1106 2171 fuit
1122 2158 1139 2170 .
1166 2121 1218 2171 Is
1234 2138 1351 2173 cum
1366 2118 1603 2174 Antonio
1612 2123 1813 2178 Malitia
1831 2127 1970 2180 Car-

379 2186 488 2240 tafa
505 2188 570 2241 ad
589 2189 891 2244 Pontificem
908 2193 1105 2263 Legato
1119 2231 1135 2256 2
1152 2192 1446 2248 calamitoso
1461 2197 1688 2268 Reginae
1704 2214 1804 2253 tem
1808 2218 1935 2271 pore
1945 2239 1967 2266 ,

379 2262 581 2335 collega
594 2262 711 2317 miss
705 2284 759 2319 us
777 2269 846 2320 est
861 2307 874 2319 .
892 2270 997 2340 Qi
1011 2286 1076 2321 ex
1090 2269 1359 2341 Lygurino
1372 2288 1522 2340 portu
1538 2272 1863 2337 Florentiam,
1875 2276 1966 2333 vbi

376 2338 619 2391 Pontifex
635 2357 740 2394 erat
754 2379 777 2403 ,-
801 2341 1011 2412 profecti
1027 2381 1045 2405 ,
1077 2344 1192 2397 cum
1208 2345 1456 2398 auxilium
1482 2344 1658 2400 frustra
1676 2348 1926 2417 petijffent
1939 2390 1960 2418 ‚

372 2412 514 2466 aliud
529 2411 619 2467 fibi
637 2414 903 2469 confilium
919 2420 1194 2472 ineundum
1209 2421 1332 2474 statu
1340 2437 1501 2474 erunt.
1516 2420 1812 2492 Alphonsus
1827 2423 1963 2481 Ara-

369 2504 570 2561 gonu‘m
582 2491 692 2544 Rex
706 2493 944 2562 c6pa1rata
966 2492 1111 2547 claffe
1142 2495 1383 2566 Cyrnum
1400 2493 1614 2551 insulam
1631 2501 1832 2569 quaein
1850 2504 1960 2556 Ge·-

365 2563 636 2619 nuensium
649 2584 757 2620 erat
770 2571 1018 2638 potestate
1034 2606 1052 2632 ,
1065 2569 1276 2642 aggredi
1290 2569 1520 2625 decreuit
1534 2611 1548 2624 .
1571 2573 1636 2626 Et
1654 2573 1954 2631 accersitum

366 2636 601 2693 Garfiam
629 2642 960 2697 Cabalinium
975 2645 1393 2699 Valentinianum
1420 2649 1644 2718 equitem
1660 2687 1677 2712 ,
1700 2650 1952 2722 Legatum

362 2728 578 2789 quoque
594 2716 665 2772 ad
678 2717 981 2777 Pontificem
996 2718 1129 2775 mifit
1144 2757 1163 2784 ,
1189 2723 1281 2796 qui
1295 2719 1416 2776 belli
1436 2719 1606 2780 causas
1623 2726 1840 2798 aperiret
1853 2763 1872 2788 ,
1888 2746 1955 2783 ne

1780 2818 1953 2857 ammo
