2112 3214
388 161 462 208 ,σε
753 153 901 209 DE
998 152 1614 215 BALNEIS

370 276 520 330 rena,
550 264 705 321 scatet
719 286 888 341 aqua,
919 266 1140 339 sulphuri
1161 271 1480 335 commixta,
1511 289 1647 343 quae
1666 286 1838 326 tamen
1864 267 1983 324 ferri

368 358 536 411 partes
561 343 761 398 obtinet
792 345 1088 415 praecipuas
1106 385 1121 408 ,
1164 364 1224 398 ac
1241 344 1465 400 nobilem
1484 367 1545 401 ex
1565 352 1809 421 Magnete
1828 351 1987 402 virtu-

370 433 474 471 tem
492 457 507 479 ,
538 420 876 494 quamobrem
895 418 1053 474 infixa
1086 420 1272 492 spicula
1287 421 1451 477 ferrea
1481 423 1695 477 mirifice
1726 423 1949 478 extrahit
1964 463 1979 478 .

372 492 609 550 calefacit
623 497 826 569 egregie
845 538 858 559 ,
877 498 1074 550 exiccat
1091 537 1105 560 ,
1123 514 1280 569 atque
1298 498 1597 555 corroborat
1617 540 1630 553 .
1673 502 1852 569 Ruptis
1871 539 1886 562 ,
1904 500 1981 553 la-

371 573 505 623 xatis
528 610 543 634 ,
561 572 730 626 stactis
748 576 931 626 mirum
952 575 999 624 in
1019 577 1228 629 modum
1246 574 1463 639 confert,
1477 580 1528 630 <Sc
1546 578 1758 649 antiqua
1776 594 1981 630 crurum

371 646 543 700 Vlcera
562 646 852 719 compescit.
872 651 1123 703 Diuinum,
1141 649 1243 703 hoc
1261 652 1582 722 appellarunt
1597 654 1843 706 Balneum
1863 669 1982 705 cum

371 724 641 794 praecipue
659 744 810 778 omne
826 742 1087 797 guttarum
1105 726 1401 801 dolorumq.
1417 747 1577 802 genus
1598 730 1746 783 tollat
1762 766 1778 790 ,
1814 726 1980 781 fluen-

374 814 477 853 tem
497 797 793 875 sanguinem
811 800 947 856 fistat
961 840 979 866 ,
992 803 1160 857 vicera
1175 800 1313 858 sanet
1327 842 1345 868 ,
1361 805 1646 879 podagram
1663 803 1892 860 subleuet
1905 841 1923 859 .

1003 909 1357 978 Gibborofi
1380 961 1396 977 .

448 1038 594 1092 Haec
610 1037 740 1092 inter
757 1034 970 1091 nitrosas
985 1056 1145 1111 aquas
1160 1039 1404 1110 potabilis
1421 1040 1632 1115 quidem
1649 1079 1665 1103 ,
1701 1057 1762 1094 ac
1779 1056 1980 1111 praeter

373 1130 603 1168 coeteras
621 1115 671 1166 in
690 1113 892 1167 renibus
909 1115 1146 1170 iuuandis
1162 1113 1493 1172 efficacissima
1510 1115 1824 1188 perhibetur,
1839 1135 1981 1170 mea-

374 1205 457 1244 tus
476 1192 724 1245 vrinarios
743 1190 1531 1265 aperienS,abstergens,ffrmans;
1550 1192 1784 1248 arenulas
1797 1195 1849 1245 &
1866 1212 1980 1246 mu·-

378 1285 521 1320 cores
540 1265 620 1320 his
652 1268 784 1321 locis
814 1265 1151 1322 adhaerentes
1169 1269 1473 1330 extruden33
1503 1269 1689 1325 fluores
1704 1266 1982 1325 muliebres

378 1361 442 1399 ex
459 1343 694 1399 locorum
710 1342 1065 1399 imbecillitate
1082 1344 1304 1400 maxime
1319 1344 1489 1402 fistens
1507 1386 1523 1402 .

1008 1450 1350 1546 Episcopi.

453 1578 653 1633 Nobile
668 1578 770 1634 hoc
784 1579 1028 1634 Balneum
1047 1581 1130 1636 vel
1147 1581 1211 1636 ab
1228 1581 1408 1654 aliquo
1425 1579 1626 1636 forraffe
1637 1576 1890 1650 Episcopo
1904 1579 1985 1632 in·

377 1658 655 1714 stauratum
671 1696 687 1720 ,
718 1658 799 1711 vel
817 1659 882 1712 ad
899 1654 1203 1728 Episcopum
1225 1658 1559 1712 Puteolanum
1578 1660 1832 1729 pertinens
1850 1692 1868 1718 ,
1897 1654 1980 1710 vel

378 1731 526 1806 quod
545 1736 764 1788 Praelati
778 1748 985 1789 vtantur
997 1733 1271 1803 plurimum
1289 1772 1306 1797 ,
1320 1733 1509 1806 quibus
1522 1734 1754 1807 podagra
1771 1730 1896 1787 solet
1908 1729 1981 1785 es-

380 1809 428 1866 se
447 1807 748 1865 familiarior
762 1851 776 1865 .
797 1810 1028 1865 Roborat
1044 1808 1360 1865 stomachum
1377 1848 1396 1874 ,
1409 1827 1664 1882 prouocat
1677 1811 1983 1882 appetitum,

382 1885 605 1944 extrahit
616 1885 804 1943 ferrum
817 1925 835 1951 ,
850 1890 901 1942 δε
918 1888 1092 1940 omnia
1107 1884 1334 1942 membra
1349 1886 1601 1944 exhilarat
1615 1926 1632 1943 .

1007 1992 1313 2060 Fatarum
1333 2041 1350 2057 .

460 2126 760 2200 Podagricis
774 2142 992 2198 quoque
1007 2122 1129 2179 vtile
1143 2126 1194 2176 &
1211 2121 1477 2176 familiare.
1485 2120 1729 2174 Stomaco
1744 2116 1876 2171 vires
1890 2112 1984 2168 ad-

383 2202 493 2267 dit,
530 2201 768 2257 nauseam
781 2202 995 2273 expellit
1008 2238 1028 2264 ,
1060 2200 1347 2272 appetitum
1368 2211 1624 2270 prouocat
1649 2234 1666 2250 .
1705 2193 1772 2249 de
1787 2210 1894 2267 quo
1909 2187 1982 2246 fic

385 2279 710 2335 Lornbardus
726 2317 745 2343 ,

516 2355 759 2409 Confbrtat
768 2351 1076 2415 stomachum,
1098 2351 1306 2397 viuacem
1317 2349 1463 2396 reddit
1477 2349 1618 2406 ὀρεξίν,

587 2421 691 2464 Dat
710 2420 940 2480 podagrae
955 2414 1182 2462 auxilium
1200 2449 1211 2468 ‚
1227 2414 1391 2476 nausea
1401 2413 1472 2478 fit
1482 2408 1646 2476 procul
1652 2410 1757 2457 hinc
1769 2441 1785 2457 .

520 2483 747 2532 Extrahit
760 2481 1004 2545 abſsonsttm
1019 2489 1152 2544 atque
1169 2480 1306 2526 latens
1318 2482 1367 2524 in
1380 2490 1559 2541 corpore
1563 2474 1783 2538 ferrum,

581 2546 838 2596 Exhilarat
850 2548 986 2596 nimis
1002 2547 1072 2593 hic
1085 2546 1233 2591 omnia
1247 2543 1447 2592 membra
1457 2543 1583 2591 latex
1597 2575 1611 2589 .

984 2642 1345 2712 Bracculae
1364 2690 1381 2706 .

459 2780 550 2862 Ab
564 2781 859 2862 humilitate
871 2818 891 2846 ,
910 2783 962 2838 &
974 2779 1080 2836 loci
1099 2774 1406 2852 depressione
1419 2769 1490 2829 fic
1506 2768 1701 2828 dietum
1726 2805 1746 2821 .
1794 2762 1994 2897 Ἴςῗιὶἑέ

2104 216 2109 301 l

2106 307 2110 340 l

2108 365 2111 438 l
