2112 3214
616 147 1092 205 LIBER.
1576 162 1648 203 39

51 265 252 330 putridis
265 275 489 329 quantum
502 267 690 332 poffibile
704 266 771 315 ef?
787 304 800 317 .
845 263 1074 318 Galenus
1105 259 1170 314 ad
1201 260 1521 314 Glauconem
1544 297 1558 322 a
1591 260 1652 326 ijs

57 340 228 411 quiex
244 338 570 395 multitudine
589 339 822 395 laborant
840 378 855 404 ‚
872 338 1098 393 membra
1116 336 1549 410 quamplurimum
1565 334 1653 388 fri-

54 432 169 469 care
199 433 301 468 non
317 433 551 487 oportere
567 417 750 477 docet3
782 416 810 472 a
829 417 950 470 vino
965 417 1015 468 &
1051 413 1175 468 cibis
1194 412 1543 468 abstinendum
1563 450 1578 474 ,
1603 415 1654 464 &

52 490 256 546 Balneis
273 495 428 547 etiam
445 492 480 547 fi
499 492 899 547 febricitauerint
914 532 927 545 .
969 493 1120 566 Qae
1138 490 1204 545 ad
1226 487 1457 562 putridas
1488 487 1655 541 febres

56 565 340 622 referuntur
357 607 372 631 ,
397 569 533 623 idem
549 571 741 641 quippe
774 568 1002 622 Galenus
1039 587 1057 620 1
1073 588 1123 621 0.
1143 564 1232 621 lib.
1254 564 1656 636 Therapeutices

54 639 225 698 scribit
241 662 331 698 eos
348 648 441 717 qui
458 644 650 699 hectica
672 643 812 698 febre
825 643 1080 708 laborant,
1095 646 1147 698 ὃς
1163 644 1255 718 qui
1271 643 1370 696 iam
1385 637 1660 695 marasmo-

55 719 129 772 do
144 718 370 775 febriunt
383 760 402 785 ‚
421 719 578 774 modo
595 723 657 791 ijs
673 720 812 775 nulla
828 719 981 775 febris
997 758 1013 783 ,
1044 739 1137 775 nec
1155 738 1216 774 ex
1230 714 1544 791 putrescente
1561 714 1658 770 hu·

58 813 202 850 more
216 834 232 858 ,
250 815 342 851 nec
359 816 422 851 ex
438 796 751 871 phlegmone
764 795 826 851 fit
839 797 1073 851 adiuncta
1088 834 1105 859 ,
1119 795 1356 850 audacter
1371 791 1466 850 effe
1480 793 1660 848 lauan-

36 870 155 925 -dos
173 912 185 925 .
232 872 369 947 Ergo
385 871 501 928 fi-ex
514 871 830 945 putrescente
846 872 1061 927 humore
1077 871 1232 927 fuerit
1246 910 1262 934 ,
1277 871 1449 925 lauare
1467 888 1531 924 ex
1548 870 1658 924 eius

57 945 302 1003 sententia
316 968 421 1003 non
436 949 643 1020 expedit
654 989 671 1015 ,
690 948 805 1004 ciim
822 951 952 1003 vires
968 947 1234 1003 exhauriat
1246 947 1493 1002 Balneum
1512 943 1659 1000 sensi-

62 1023 151 1077 bili
170 1025 459 1089 caliditate,
472 1024 651 1080 febrim
669 1065 684 1090 ,
700 1023 1198 1098 viscerumq.aestum
1217 1021 1659 1086 intendat‚hum0-

56 1118 134 1154 res
150 1103 313 1174 agitet
326 1141 342 1165 ,
377 1100 684 1158 abscessuum
700 1099 845 1157 causa
860 1100 922 1156 fit
937 1140 953 1165 a
978 1100 1264 1175 frigiditate
1297 1095 1556 1170 essentiali}
1574 1114 1660 1152 ca-

52 1175 215 1232 lorem
231 1178 514 1233 naturalem
530 1179 711 1251 perdat
724 1217 742 1246 ,
768 1177 1078 1235 humiditate
1101 1179 1258 1232 etiam
1273 1174 1497 1231 obstruat
1513 1212 1532 1239 ,
1567 1191 1658 1229 au-

50 1270 277 1328 geatque
289 1257 607 1328 putredinem
625 1296 640 1310 .

130 1339 237 1410 Alij
257 1341 435 1396 contra
448 1342 694 1397 Balneum
710 1359 944 1415 paratum
962 1360 1024 1395 ex
1042 1358 1177 1414 aqua
1194 1335 1413 1412 potabili
1427 1335 1492 1390 ad
1511 1350 1660 1389 tuen-

55 1415 177 1470 dam
207 1417 397 1472 bonam
427 1419 771 1474 valetudinem
801 1416 898 1473 effe
925 1416 1172 1472 sununum
1189 1412 1492 1487 praesidium
1507 1410 1652 1465 dixe-

55 1510 174 1546 runt
185 1531 204 1558 ,
218 1492 324 1550 siue
342 1494 701 1567 compositum,
717 1494 821 1550 siue
836 1493 1046 1566 simplex
1066 1533 1079 1546 .
1136 1495 1200 1546 Et
1216 1489 1532 1563 intemperiei
1548 1483 1660 1540 abs-

55 1586 163 1641 que
176 1573 387 1626 materia
405 1572 603 1626 calidae
620 1570 927 1626 affirmarunt
942 1570 1185 1625 Balneum
1202 1566 1392 1621 mederi
1418 1561 1662 1619 senfibili-

57 1660 135 1701 ter
148 1644 633 1723 frigidum‚fi·igidae
647 1650 835 1711 calidfi,
852 1647 1027 1710 Aneti‚
1042 1643 1336 1700 Camomeli
1352 1646 1404 1697 δε
1419 1638 1660 1695 similium

60 1725 248 1779 virtute
262 1742 464 1796 recepta
480 1764 499 1789 ,
512 1723 677 1780 fictae
693 1725 918 1796 tepidum
938 1763 954 1787 ,
974 1722 1215 1776 humidae
1232 1719 1456 1774 calidum
1473 1755 1489 1781 ,
1523 1731 1661 1789 quae

58 1802 234 1855 omnia
246 1802 299 1855 in
315 1800 508 1856 balneis
524 1803 838 1873 reperiuntur
855 1840 868 1854 .
911 1802 1168 1855 Dixerunt
1180 1793 1435 1869 praeterea
1450 1790 1661 1847 morbos

56 1875 314 1932 declinare
330 1879 616 1932 materia-les
633 1917 649 1942 2
665 1877 908 1932 humores
928 1873 1188 1930 absumere
1202 1913 1219 1937 ,
1234 1877 1285 1927 ἃ
1304 1873 1554 1926 destruere
1568 1907 1584 1933 ‚
1606 1870 1660 1924 &

61 1951 347 2009 cohibitam
365 1952 801 2026 transpirationem
818 1955 974 2008 cutim
992 1949 1291 2006 reserantem
1307 1988 1322 2012 ,
1341 1947 1521 2002 tollere
1535 1985 1549 1999 .
1595 1946 1664 1999 Et

60 2028 284 2084 calidum
300 2030 572 2102 praecipue
584 2031 829 2086 Balneum
856 2028 1256 2084 obstruCtionem
1274 2022 1487 2080 reserare
1500 2060 1517 2087 ,
1542 2020 1664 2076 fuli-

60 2103 296 2180 ginosum
310 2145 328 2171 ,
342 2106 600 2162 fumidum
615 2145 634 2171 ,
665 2124 826 2181 atque
841 2124 962 2161 acre
973 2121 1244 2160 excernere
1259 2141 1276 2167 ,
1300 2100 1519 2156 crudum
1536 2116 1665 2153 con·

64 2199 290 2255 coquere
309 2222 326 2246 ‚
355 2185 598 2257 idemque
612 2187 917 2239 concoctum
934 2181 1206 2245 exhaurire
1220 2219 1233 2234 .
1276 2176 1437 2251 Qod
1451 2174 1490 2230 fi
1506 2174 1666 2231 Gale-

58 2276 159 2313 nus
176 2260 228 2313 in
244 2258 468 2314 febribus
482 2259 701 2316 humore
715 2262 956 2316 existente
972 2260 1129 2314 crudo
1154 2256 1413 2311 interdicit
1436 2252 1629 2310 Balneo
1647 2271 1663 2312 3

61 2333 156 2389 hui
305 2337 357 2392 di
372 2337 674 2392 cruditatem
691 2338 873 2393 dicunt
885 2335 1073 2391 habere
1089 2333 1276 2407 gradus
1294 2370 1311 2396 ,
1343 2345 1569 2402 eumque
1598 2326 1664 2382 de

65 2430 204 2467 max.
264 2432 292 2468 a
307 2415 559 2470 cruditate
574 2414 859 2488 intelligere
871 2452 891 2477 ,
921 2431 1057 2487 quae
1073 2411 1247 2467 Balnei
1264 2408 1523 2465 caliditate
1539 2421 1664 2458 con-

64 2491 224 2561 coqui
240 2508 345 2545 non
361 2493 525 2562 potest
537 2514 551 2552 3
583 2494 636 2546 &
650 2490 938 2547 acerbiores
950 2487 1125 2544 succos
1152 2485 1343 2541 Balneo
1366 2483 1430 2538 ad
1448 2481 1665 2534 maturi-

63 2579 223 2620 tatem
241 2567 428 2622 deduci
442 2564 581 2639 poffe
595 2607 613 2632 ,
631 2568 834 2624 medico
848 2583 1024 2623 tuente
1042 2565 1325 2625 sanitatem,
1340 2559 1498 2631 idque
1515 2551 1667 2611 dixis-

66 2638 115 2696 st
135 2640 294 2714 ipsum
311 2643 569 2699 Galerium
584 2643 676 2700 lib.
695 2644 827 2716 3.de
838 2641 1052 2700 sanitate
1070 2639 1289 2698 tuenda3
1324 2643 1374 2688 Si
1396 2638 1534 2702 probe
1558 2635 1665 2686 Bal-

67 2732 204 2765 neum
218 2718 423 2767 adhibeas
438 2717 606 2781 ‚ipstam
618 2734 794 2785 quoque
806 2718 1120 2784 apoteraphiae
1137 2728 1253 2779 pars
1268 2710 1323 2774 {st
1338 2746 1350 2767 ,
1361 2710 1415 2775 fi
1432 2711 1668 2774 quidem-³

68 2789 209 2838 duras
226 2788 456 2856 den-fiasque
474 2800 628 2855 partes
640 2786 1178 2843 emoBit,excrementum
1197 2793 1380 2849 putreq.
1397 2782 1673 2909 fiquotzjtz
