2112 3214
644 143 696 200 L
759 140 788 198 1
847 143 891 199 Β
954 145 1004 200 Ε
1067 141 1132 200 R.
1279 124 1296 155 ⁵
1599 155 1683 206 49

642 246 1137 316 S.Anastasiae.

167 366 626 424 Admonasterium
643 369 696 422 S.
709 365 1006 423 Anastasiae
1032 364 1224 423 defossa
1251 361 1425 420 scrobe
1452 365 1504 420 in
1532 383 1686 423 arena

93 442 197 517 ipsa
211 445 417 508 littotiS,
433 463 571 517 aqua
587 445 807 514 erumpit
822 445 977 506 clara,
992 444 1058 498 ad
1073 443 1304 500 arenulas
1322 441 1684 508 detrudendaS,

92 524 146 574 &
162 522 386 576 calculos
403 519 804 592 confringendos
821 518 1063 591 aptissima
1078 560 1091 573 .
1113 517 1284 572 Habet
1300 536 1416 572 cum
1432 521 1683 589 proximis

91 600 243 670 aquis
260 599 488 669 aliquam
502 599 628 650 aeris
646 593 795 650 fimul
812 615 926 649 cum
943 598 1077 649 nitro
1093 596 1380 665 portionem
1394 631 1412 657 ,
1427 596 1586 667 atque
1601 594 1682 653 id-

90 671 230 728 circo
254 674 525 727 oculorum
541 671 752 745 caligini
774 669 1197 727 &suffufionibus
1224 670 1484 725 medetur.
1525 673 1683 725 Fran-

87 750 279 805 ciottus
295 746 545 819 Anastafij
560 749 798 803 nominat
823 786 839 802 .
892 748 1033 803 Olim
1045 745 1132 802 hic
1146 762 1256 802 erat
1269 744 1532 818 Adiutorij
1561 745 1683 802 Bal-

85 841 241 882 neum
257 863 273 881 ι

685 897 1041 965 Cantarelli
1060 947 1075 964 .

60 1019 66 1022 ⁴
147 1012 403 1062 Cantareffi
422 1008 641 1060 Balneum
657 1011 679 1075 (
695 1009 866 1081 inquit
880 1009 1089 1060 Baccius
1105 1009 1126 1073 )
1146 1010 1173 1059 a*
1186 1009 1575 1076 Cantharifhrma
1586 1026 1676 1079 per

81 1104 220 1154 quam
223 1089 532 1153 fluitdic‘i‘um
543 1087 802 1150 perhibetur
815 1125 827 1136 .
869 1083 1037 1137 Cuius
1055 1083 1171 1137 cum
1199 1085 1433 1154 primaria
1461 1086 1585 1140 olim
1603 1083 1674 1142 el:-

73 1158 147 1216 set
174 1161 339 1234 gloria
370 1164 437 1214 in*
452 1159 743 1215 Puteolanis
760 1159 938 1231 vtpote
954 1158 1097 1231 quod
1114 1161 1357 1215 mirandis
1376 1161 1544 1216 modis
1566 1163 1675 1218 tum

76 1238 284 1292 occulta
297 1235 580 1309 persanaret
597 1236 764 1290 Vlcera
781 1273 797 1298 ,
814 1235 921 1291 turn
942 1235 1114 1309 offium
1131 1254 1345 1309 quoque
1356 1236 1642 1312 fragmenta
1657 1278 1676 1306 ,

76 1331 214 1387 quae
231 1332 383 1385 opere
397 1313 688 1386 indigerent
706 1312 1499 1386 chyrurgic02extraheret2immo
1515 1317 1676 1373 fluen-

73 1404 179 1444 tem
194 1390 355 1463 vndiq
364 1408 425 1444 ue
441 1388 735 1462 sanguinem
754 1388 1077 1460 supprimeret
1091 1427 1109 1452 ,
1140 1405 1442 1465 vterumque
1458 1391 1676 1450 ferentes

73 1464 394 1538 summopere
411 1469 638 1528 iuuaret,
669 1466 926 1519 coeterum
945 1466 1054 1536 post
1071 1466 1363 1521 incendium
1394 1469 1461 1523 ad
1475 1472 1677 1542 Triper-

75 1543 223 1618 gulas
243 1545 326 1597 cui
341 1544 567 1598 vicinum
583 1543 634 1595 id
649 1542 894 1609 Balneum
911 1543 1165 1605 extiterat,
1180 1543 1310 1612 pluri
1328 1562 1391 1597 ex
1404 1562 1545 1616 parte
1561 1545 1677 1602 sub-

77 1617 293 1674 mersum
307 1622 530 1673 cinerem
544 1658 559 1682 ,
592 1637 683 1673 nec
703 1615 817 1672 satis
832 1619 942 1688 post
959 1618 1186 1691 aliquam
1215 1618 1497 1675 adhibitam
1515 1625 1673 1696 opera

74 1698 492 1760 restituttumtota
510 1699 611 1750 iam
626 1694 736 1748 laus
754 1696 805 1748 in
821 1691 934 1748 Aen
942 1696 1076 1747 ariae
1088 1695 1287 1749 Balneis
1298 1695 1672 1772 defluxissquae

71 1771 176 1827 tam
193 1791 377 1846 genere
392 1811 408 1836 2
426 1773 581 1845 quam
599 1773 746 1842 copia
762 1806 780 1833 ,
813 1774 863 1824 &
880 1768 1053 1823 foelici
1068 1767 1154 1823 vsu
1168 1770 1455 1841 praesertim
1474 1778 1666 1850 Gurgi-

71 1849 182 1903 telli
203 1867 262 1902 ac
280 1850 496 1902 Furnelli
514 1865 681 1920 aquae
697 1848 1005 1918 praestantes
1022 1884 1039 1908 ,
1055 1844 1241 1900 similes
1258 1886 1275 1912 ,
1306 1866 1365 1902 ac
1381 1852 1596 1906 maiores
1614 1871 1668 1907 e-

72 1927 197 1980 tiam
212 1923 447 1979 obtinent
462 1924 731 1978 facultates
750 1962 764 1976 .
804 1921 1154 1994 Qamobrem
1169 1941 1272 1976 non
1288 1923 1466 1981 desunt
1482 1931 1572 2000 qui
1585 1925 1670 1983 hi-

70 1999 152 2056 sce
166 2004 218 2055 δε
235 2002 544 2056 Cantarellis
563 2038 579 2062 ,
596 1999 853 2052 occultam
868 1999 1230 2069 proprietatem
1245 1999 1275 2053 ὲ
1291 1999 1515 2075 benigno
1533 2022 1668 2077 quo-

73 2079 210 2148 piam
228 2077 430 2131 coelesti
458 2075 659 2149 aspectu
689 2074 916 2129 tribuant
944 2112 960 2128 .
1013 2076 1147 2129 Ferri
1166 2077 1218 2128 δε
1232 2078 1495 2153 Magnetis
1510 2078 1668 2137 habet

54 2156 392 2227 >operationes
406 2193 421 2208 .

682 2222 1012 2292 Fontanae
1036 2273 1052 2290 .

149 2316 393 2375 Aretinus
409 2317 549 2375 haud
563 2318 767 2394 longius
783 2318 813 2375 a
828 2317 912 2374 sua
927 2333 1094 2374 aetate
1117 2333 1339 2389 repertas
1363 2336 1526 2393 aquas
1550 2316 1666 2377 scri-

68 2393 146 2449 bit
159 2435 172 2449 .
212 2400 444 2451 Formam
462 2435 479 2460 ‚
508 2396 612 2451 alio
627 2398 836 2451 nomine
848 2397 1083 2451 dixerunt
1098 2433 1114 2449 .
1143 2397 1351 2450 Nitrata
1369 2397 1422 2450 in
1438 2398 1500 2466 ijs
1516 2401 1568 2452 &
1585 2398 1665 2452 bi·-

66 2470 321 2526 tuminosa
336 2475 557 2528 mixtura
571 2507 589 2536 ,
615 2475 814 2528 &inter
829 2472 1008 2527 suaues
1039 2488 1398 2527 annumeratae
1413 2510 1430 2536 ,
1459 2471 1563 2528 hoc
1590 2475 1662 2529 est

72 2564 211 2620 quae
225 2549 306 2602 vel
319 2551 480 2603 odore
497 2586 514 2612 ,
540 2551 622 2603 vel
636 2548 809 2620 sapore
823 2548 1015 2604 nullam
1027 2543 1367 2621 praeseferunt
1390 2546 1665 2604 insuauita-

71 2640 197 2686 tem,
213 2621 297 2677 sed
312 2642 449 2697 quae
463 2624 698 2681 dulcibus
716 2643 819 2678 non
834 2625 881 2680 iu
889 2642 944 2679 nt
963 2625 1335 2696 comparandae
1350 2625 1492 2679 velut
1506 2627 1661 2679 etiam

48 2699 296 2754 'Iuncaria
311 2738 326 2763 ,
344 2701 531 2774 aliaeq.
548 2702 765 2755 Balneac
781 2703 833 2754 in
852 2701 1134 2756 Puteolano
1152 2736 1170 2763 ‚
1183 2702 1235 2753 &
1252 2701 1445 2756 Baiano
1471 2739 1488 2754 .
1534 2703 1663 2754 Pro-

63 2777 303 2848 prietates
326 2774 406 2831 his
430 2777 738 2833 carminibus
753 2774 987 2834 describit
999 2773 1320 2899 Lombarcgis
1336 2813 1351 2830 .
1548 2852 1591 2899 F

1592 2858 1666 2900 ere·
