2112 3214
549 104 1311 168 HISTORIA.
1652 127 1772 171 133

70 257 71 262 κ
183 243 217 279 x
232 243 282 278 x.
299 239 566 296 exurgens
593 220 1016 294 Longitudinem‚
1031 218 1420 274 &latitudinem
1440 217 1689 290 collapsae
1708 238 1782 275 te*

69 315 72 345 ³
185 298 447 354 stitudines
466 298 803 370 oppleuerunt
834 337 846 350 .
881 296 1115 352 Medium
1133 297 1239 350 eius
1259 292 1477 366 spacium
1497 298 1783 365 paterini-er

186 376 316 428 duos
336 376 550 443 parietes
567 377 616 427 in
633 373 902 427 latitudine
922 372 1076 442 pedes
1095 391 1122 425 c
1137 390 1180 425 c.
1204 373 1256 426 in
1278 369 1551 425 latitudine
1570 389 1600 423 x
1615 390 1675 425 V1
1694 390 1713 423 1
1735 377 1779 424 1.

185 451 243 505 In
260 466 481 522 Vtroque
508 450 662 504 latere
697 449 832 503 medi
836 452 852 517 j
873 447 1108 502 transitus
1137 465 1226 518 per
1238 463 1412 518 portas
1430 455 1652 517 quatuor
1670 446 1780 501 adi-

184 530 265 580 tus
283 542 422 595 patet
437 527 489 578 in
505 526 655 588 cellas
671 523 865 595 amplas
883 540 1155 594 quaternas
1173 560 1188 585 ‚
1219 525 1382 595 quatu
1397 521 1675 576 testudines
1691 523 1781 576 de-

188 600 420 656 cussatim
446 600 725 656 fornicibus
753 602 950 654 iunctae
975 597 1251 670 parietibus
1277 597 1593 667 intermediis
1610 599 1779 671 impo-¹

181 674 309 733 fitae
324 676 450 732 sunt.
1119 713 1120 718 =

259 752 454 806 Piscina
470 770 625 826 quam
656 755 714 807 M
727 754 748 807 1
761 755 802 808 R
817 750 866 807 A
881 754 956 807 BI
971 752 1012 805 L
1027 752 1066 805 E
1087 753 1144 806 M
1174 769 1364 807 vocant
1388 790 1406 815 ‚
1438 751 1779 826 admiratione

182 827 412 900 profedto
427 829 583 902 digna
602 831 669 883 est
686 870 699 882 .
716 833 858 901 Opus
877 827 1003 882 illud
1022 830 1236 902 Regium
1250 866 1267 891 ‚
1299 829 1744 883 concameratione
1761 862 1780 888 ‚

183 904 298 978 pilis
319 906 455 959 xlv1
475 924 493 957 1
513 924 558 958 1.
587 908 758 958 innixa
780 943 797 968 ,
813 903 965 975 pedes
992 912 1160 958 ternos
1174 905 1403 975 vndique
1420 901 1612 958 crassis,
1685 920 1779 956 uae

185 997 411 1052 quatuor
422 980 684 1034 ordinibus
704 999 915 1034 numero
931 982 1256 1052 quaternario
1286 978 1575 1034 distributae
1590 1017 1606 1041 ,
1645 976 1780 1051 sym-

183 1059 364 1112 metria
380 1058 740 1128 quinituplicis
753 1059 978 1127 porticus
995 1075 1082 1128 per
1097 1056 1383 1129 elegantem
1397 1053 1774 1128 longitudinem

185 1130 410 1187 efficiunt
425 1174 436 1185 .
459 1133 659 1205 Longa,
677 1131 839 1202 passus
853 1152 880 1186 c
897 1152 923 1185 c
939 1132 972 1184 l.
991 1132 1115 1195 lata,
1135 1134 1255 1187 clx.
1281 1132 1524 1185 Lateritia
1540 1148 1599 1183 ac
1617 1127 1777 1183 solida

184 1210 454 1270 strucstura,
474 1207 629 1261 crasso
646 1227 790 1262 muro
807 1247 823 1271 ,
856 1207 1128 1278 parietibus
1146 1208 1531 1280 diligentissimo
1563 1207 1777 1259 tectorio

179 1286 367 1338 vestitis
384 1324 396 1336 .
430 1284 588 1356 Qod
603 1281 919 1337 durissimum
940 1282 1127 1337 faCtum
1144 1285 1477 1338 existimarem
1492 1320 1509 1345 ,
1528 1283 1777 1353 quoniam

179 1358 458 1413 diutissime
477 1378 638 1431 aquas
657 1361 1152 1413 retinuit.Foramina
1165 1361 1215 1412 in
1232 1357 1633 1420 testudine‚vnde
1647 1355 1780 1411 hau-

180 1431 437 1489 riebantur
452 1453 618 1506 aquae
647 1475 660 1489 .
691 1438 785 1489 Per
803 1432 956 1489 scalas
981 1434 1208 1505 lapideas
1227 1453 1290 1488 ex
1310 1432 1513 1488 duobus
1535 1432 1777 1486 lateribus

179 1512 433 1584 graduum
447 1531 478 1563 x
492 1510 525 1562 l.
546 1510 607 1563 eo
623 1508 991 1565 descendebant
1017 1549 1030 1564 .
1063 1507 1292 1564 Alteram
1321 1508 1423 1563 hoc
1441 1525 1669 1579 tempore
1684 1506 1780 1562 ob·-

179 1589 414 1642 st1⁴udtam
431 1584 783 1657 conspicimus,
809 1588 1163 1640 Pauimentum
1184 1584 1375 1640 summa
1393 1585 1632 1640 industria
1650 1603 1776 1638 con-

176 1664 412 1733 stipatum
432 1700 448 1724 ,
462 1661 630 1716 adhuc
652 1662 899 1734 pluuiales
922 1680 1083 1734 aquas
1099 1664 1296 1716 retinet.
1316 1661 1515 1716 Luculli
1533 1678 1661 1732 opus
1676 1660 1776 1715 hac

175 1736 367 1810 piscina
384 1737 611 1791 arbitrati
627 1738 736 1792 sunt
752 1755 952 1808 propter
965 1741 1072 1793 eius
1088 1738 1241 1793 villae
1259 1739 1591 1799 vicinitatem,
1615 1754 1770 1809 quam
1839 1804 1844 1810 .

173 1817 227 1869 in
246 1812 354 1867 finu
375 1814 466 1866 illo
483 1811 709 1868 habuisse
725 1812 891 1868 scribit
908 1816 1071 1868 Varro
1087 1837 1100 1875 ;
1131 1820 1191 1863 In
1208 1819 1381 1866 Baiano
1394 1827 1540 1863 autem
1555 1826 1686 1863 tanta
1699 1832 1771 1863 ar·
1799 1803 1898 1853 [ffb-3
1933 1808 2064 1850 ‘lm-³

175 1889 303 1936 debat·
322 1903 431 1934 cura
447 1921 457 1940 ‚
476 1899 528 1935 vt
547 1889 797 1934 Architeao
817 1888 1067 1950 promilbrit
1083 1888 1280 1951 vtfitam
1301 1889 1539 1952 pecuniam
1553 1888 1771 1947 “msam“
1797 1858 1928 1963 '6227

177 1962 264 2004 ret,
281 1952 513 1998 dummodo
533 1954 792 2016 perduceret
804 1952 955 2017 specus
968 1953 990 1999 ὲ
1002 1966 1054 2016 pt
1072 1969 1180 2000 ctms
1195 1970 1244 2000 m
1257 1969 1389 2006 mare,
1408 1950 1669 1999 ohiefiaculo
1685 1966 1772 2014 quo

177 2018 306 2064 afim
326 2016 391 2063 his
407 2019 666 2079 quotidieab
679 2027 839 2064 exorta
861 2022 990 2064 Luna
1008 2020 1066 2064 ad
1079 2020 1342 2081 proximam
1368 2031 1533 2065 nouam
1550 2016 1739 2062 introire
1755 2048 1766 2065 ‚

177 2096 227 2128 ac
242 2080 386 2128 redire
400 2080 557 2142 rursics
571 2084 618 2127 in
631 2099 752 2128 mare
767 2082 903 2145 posfi’t
918 2084 977 2138 ὠ·
989 2082 1255 2146 refrigerare
1274 2085 1320 2144 pi
1339 2086 1458 2129 cinas
1477 2117 1486 2129 .
1510 2080 1772 2155 Agrippae

176 2171 307 2223 opus
322 2152 491 2206 tribuo
510 2193 524 2215 ,
543 2171 597 2207 vt
615 2156 760 2226 aquis
778 2171 991 2227 quoque
1009 2154 1150 2211 classi
1167 2155 1463 2211 consuleret.
1481 2158 1603 2231 Qo
1619 2160 1774 2211 etiam

180 2228 406 2283 fluminis
438 2247 598 2299 aquas
631 2248 765 2300 quae
783 2231 811 2283 ὲ
838 2233 1014 2284 Setino
1042 2249 1279 2296 emanant
1307 2250 1394 2302 per
1421 2235 1771 2305 aquaeductus

168 2303 320 2359 ‘fuiffe
335 2303 569 2365 immissas
589 2303 754 2359 scribit
769 2310 1047 2361 Bocaccius
1065 2307 1195 2361 libro
1214 2308 1277 2362 de
1294 2309 1607 2364 Fluminibus
1625 2349 1639 2363 .
1658 2308 1770 2362 Ali-

175 2397 307 2452 quot
323 2382 428 2432 eius
445 2384 608 2450 operis
627 2398 802 2435 extant
816 2385 1022 2457 vestigia
1049 2384 1114 2437 ad
1149 2383 1426 2454 Neapolim
1459 2424 1475 2449 ,
1505 2403 1643 2457 quae
1676 2403 1765 2455 per

173 2458 458 2509 Hermitem
488 2459 538 2509 &
565 2459 733 2510 vicina
761 2458 875 2511 loca
910 2496 926 2520 ,
961 2477 1046 2529 per
1072 2461 1314 2514 Puteolos
1347 2498 1365 2524 ,
1394 2459 1645 2515 Misenum
1678 2461 1769 2515 de·-
1892 2518 1900 2527 ,

172 2530 492 2585 ducebantur
505 2571 517 2582 .
549 2533 750 2586 Vallem
780 2533 988 2588 Sebethi
1013 2536 1339 2606 appellabant
1372 2537 1578 2590 accolae
1597 2553 1762 2607 petras
1795 2519 2027 2611 gfllzssebe-

175 2604 311 2660 vnde
328 2602 589 2660 scatebant
605 2645 621 2670 ,
648 2608 832 2663 deinde
850 2609 1092 2664 Sabatum
1109 2611 1282 2665 dixere
1298 2613 1586 2666 immixtum
1609 2613 1768 2666 fluuio
1850 2604 1859 2614 ’

175 2685 540 2739 Beneuentano
561 2723 573 2736 .
593 2680 748 2737 Anno
770 2704 788 2737 1
808 2703 871 2752 59
882 2705 927 2754 3.
955 2704 1067 2740 cum
1088 2685 1184 2757 ipse
1204 2689 1250 2739 in
1269 2688 1448 2757 Irpinis
1466 2689 1530 2743 acl
1547 2707 1649 2742 rem
1665 2687 1771 2742 fru-

172 2759 473 2813 mentariam
498 2761 887 2833 comparandam
910 2764 1288 2836 Neapolitanae
1305 2762 1434 2830 vrbi,
1451 2766 1769 2828 comorarer,

1594 2838 1769 2880 eiusdem
