2112 3214
542 110 1341 182 HISTORIA.
1601 127 1723 167 205

212 354 673 438 VNle‘sE
720 350 1199 415 PVTEOLOS
1248 344 1634 406 GENTES

397 478 729 540 conueniunt.
915 481 1045 558 Cap.
1092 475 1316 533 XXX
1333 472 1444 530 VI.

229 646 270 665 ³·
347 642 356 653 ·’
394 650 414 695 τι
515 649 517 652 ·
551 623 603 683 V
621 629 669 680 O
690 626 741 682 C
760 621 811 679 A
828 626 872 680 R
885 627 934 680 V
948 626 1004 681 N
1020 627 1067 681 T
1105 623 1313 680 tandem
1331 621 1397 679 ad
1413 619 1512 677 sese
1530 614 1721 677 Puteo]

401 738 427 765 s
573 703 610 757 li
627 720 690 757 ex
704 718 820 756 toto
838 700 962 755 orbe
977 701 1198 755 summos
1210 701 1371 763 viros,
1388 701 1481 772 qui
1500 700 1725 754 miracu·

442 771 520 841 ‘0³35'
573 779 743 833 lorum
762 776 946 850 infigni
967 777 1304 831 admiratione
1321 776 1502 839 irretiti
1514 814 1531 839 2
1554 777 1607 830 in
1625 791 1721 846 po-

572 856 727 909 steros
747 852 934 907 deinde
953 871 1043 907 eos
1057 851 1236 907 videdi
1251 852 1583 923 cupiditatem
1598 868 1720 923 pro-

498 943 518 977 :-
572 929 844 984 funderent
862 969 876 984 .
901 928 1044 1001 Qid
1061 925 1182 1002 ergo
1200 925 1572 982 recensebimus
1594 924 1717 982 ant&

449 1006 490 1031 “⁶
524 1007 526 1011 ’
577 1007 848 1078 Imperium
870 1004 1180 1058 Annibalem
1208 1008 1230 1071 <
1243 1001 1580 1058 Athenienses
1597 1006 1718 1057 Du-

112 1096 198 1133 ces
226 1078 344 1134 ante
371 1099 432 1135 ea
459 1098 692 1153 tempora
718 1084 1017 1153 praetereo)
1046 1099 1153 1153 quo
1180 1098 1296 1133 cum
1312 1082 1486 1132 Poena
1501 1096 1716 1152 quoque

109 1154 353 1210 nobilitas
368 1161 419 1211 ὃ(
436 1155 660 1230 Hispana
679 1157 959 1212 confluxit?
990 1155 1132 1229 Qid
1149 1158 1200 1209 in
1216 1156 1436 1226 Imperio
1458 1156 1712 1209 maximo-

107 1249 222 1285 rum
238 1235 530 1303 Principum
549 1230 922 1288 habitationem
940 1271 957 1296 ,
979 1249 1265 1287 exterorum
1282 1231 1348 1285 ad
1365 1249 1456 1286 eos
1473 1230 1712 1303 quotIdit}

104 1308 392 1379 praeclaras
407 1310 691 1382 legationes
711 1312 732 1362 ἒ
750 1313 1066 1365 Graecorum
1080 1311 1449 1380 Imperatorum
1465 1305 1710 1372 accessus,

104 1384 222 1454 quis
240 1385 375 1437 enim
407 1402 495 1440 aut
521 1387 915 1440 Constantinum
932 1423 948 1448 ,
979 1401 1066 1439 aut
1084 1385 1417 1439 Constantem
1435 1382 1499 1437 ab
1526 1401 1707 1438 eorum

39 1480 41 1482 ·
102 1457 339 1514 locorum
358 1458 554 1532 aspedtu
589 1460 868 1516 reuocaffet
891 1462 913 1515 ἒ
943 1458 1264 1516 Gotthorum
1279 1498 1296 1523 ,
1328 1457 1707 1532 Longobardo-

100 1550 214 1588 rum
230 1536 396 1609 Reges
418 1575 435 1599 2
453 1540 630 1592 Duces
649 1575 666 1601 ,
696 1536 958 1591 Exarchos
972 1534 1303 1589 nobiliffimos
1315 1536 1432 1590 illos
1450 1537 1590 1590 viros
1608 1537 1706 1589 Pa-

97 1610 277 1664 tricios
295 1649 313 1674 ,
330 1614 489 1684 quiin
507 1615 708 1668 Italiam
724 1615 983 1668 venientes
998 1611 1245 1666 Puteolos
1260 1613 1487 1666 maximo
1501 1609 1702 1666 defide-

94 1685 175 1739 rio
194 1685 471 1744 inuiserunt
487 1692 509 1744 ?
526 1691 631 1745 Cui
648 1708 766 1744 nam
782 1707 843 1744 ex
866 1688 1041 1744 Gallia
1056 1688 1358 1743 aduentanti
1374 1687 1496 1742 dum
1514 1688 1704 1743 Gallo-

89 1778 203 1815 rum
220 1781 298 1817 res
315 1765 366 1816 in
383 1764 485 1820 hoc
510 1768 689 1840 Regno
717 1763 940 1821 maxime
969 1764 1207 1819 florerent
1233 1801 1250 1826 2
1284 1780 1372 1818 aut
1399 1783 1460 1818 ex
1479 1767 1698 1818 Germa-

90 1837 179 1891 nia
206 1876 224 1902 ‚
257 1857 374 1894 cum
391 1843 553 1916 Regni
583 1860 796 1916 quoque
821 1839 978 1896 fasces
1009 1842 1342 1911 Imperatores
1373 1839 1696 1904 obtinerent3

92 1912 414 1971 Puteolanae
430 1936 534 1972 non
547 1933 822 1989 patuerunt
838 1935 986 1989 rupes
1002 1955 1022 1981 ,
1047 1933 1191 1970 antra
1209 1954 1226 1980 ,
1257 1916 1564 1987 parietinae,
1578 1916 1696 1971 Bal-

89 2005 187 2042 nea
205 2027 220 2053 ,
248 1989 517 2063 sulphura,
553 1996 696 2068 ignes
728 1996 750 2047 ἒ
779 1995 975 2066 Qisin
1004 1995 1110 2047 eius
1136 1993 1320 2046 littoris
1338 2011 1443 2046 non
1469 1990 1698 2047 consedit

93 2064 213 2137 alga
230 2067 251 2118 ἓ
267 2086 330 2120 ex
347 2086 406 2122 ea
422 2087 572 2123 arena
588 2088 691 2124 non
708 2071 948 2143 collegit,
967 2088 1069 2122 non
1087 2067 1341 2123 osculatus
1359 2071 1428 2123 est
1444 2107 1460 2131 ,
1477 2087 1580 2121 non
1599 2067 1696 2123 ser-

97 2145 246 2194 uauit
278 2143 611 2218 Conchylia,
638 2146 869 2216 lapillos,
900 2143 1202 2199 numismata
1230 2147 1252 2199 ?
1281 2147 1354 2200 Vt
1370 2162 1491 2199 tunc
1509 2143 1555 2198 se
1572 2143 1693 2199 bea-

95 2231 206 2269 tum
237 2218 426 2291 aliquis
459 2223 816 2277 existimauerit
841 2259 857 2285 ,
891 2221 1005 2276 cum
1023 2222 1251 2276 Puteolis
1266 2223 1316 2275 in
1332 2224 1547 2293 patriam
1564 2222 1692 2276 rude

90 2293 310 2365 aliquod
329 2297 437 2350 eius
467 2297 568 2350 loci
591 2314 976 2352 monumentum
994 2301 1273 2369 portauerit
1301 2337 1315 2350 .
1347 2297 1538 2351 Adhuc
1556 2301 1688 2351 Ger-

90 2386 270 2422 manos
288 2409 304 2433 ,
321 2370 504 2426 Gallos
523 2412 540 2435 2
556 2374 738 2447 Belgas
756 2374 1035 2446 coeteroiq.
1053 2393 1229 2427 ornnes
1247 2374 1467 2427 inuitant
1484 2412 1500 2436 ,
1517 2390 1571 2428 vt
1586 2371 1687 2427 fin·-

89 2445 222 2516 gulis
239 2446 419 2500 diebus
437 2446 612 2501 summi
633 2453 888 2512 proceres,
904 2453 952 2503 &
968 2450 1151 2523 vulgus
1170 2469 1320 2503 omne
1338 2468 1451 2503 cum
1468 2448 1686 2519 primum

88 2520 463 2591 Neapolitanas
479 2525 688 2579 delicias
707 2528 1015 2598 gustauerint
1032 2564 1049 2588 2
1074 2525 1203 2579 nihil
1217 2525 1309 2579 sibi
1335 2523 1594 2597 antiquius
1608 2524 1687 2578 fa-

84 2596 330 2649 ciundum
359 2601 641 2654 existiment
668 2601 824 2673 quam
843 2602 1087 2656 Puteolos
1117 2603 1361 2656 accedere
1381 2639 1395 2663 ,
1430 2618 1559 2654 terra
1576 2619 1684 2654 ma-

81 2672 179 2744 riq.
203 2673 360 2726 colles
378 2711 394 2736 ‚
420 2677 750 2746 antiquitates
768 2715 786 2740 ,
801 2677 973 2731 littora
991 2677 1279 2747 perlustrare
1298 2717 1311 2729 .
1339 2677 1683 2747 Locupletan-

84 2761 167 2803 tut
185 2766 267 2806 eor
277 2767 361 2807 um
374 2753 590 2823 pecunia
606 2753 838 2809 loccvium
854 2754 1044 2809 indices
1079 2755 1173 2830 qui
1189 2755 1496 2809 venientium
1514 2752 1682 2807 obser-

1466 2846 1671 2886 uatores
