2112 3214
400 123 487 182 80'
782 117 1598 187 ‘PVTEOL'ZQNA

396 234 545 290 multi
557 251 621 289 ex
641 237 937 293 Puteolanis
953 241 1021 296 ad
1037 237 1190 297 fidem
1208 242 1438 300 conuersi
1452 242 1593 300 sunt.
1623 244 1879 321 Martyrio
1895 239 1986 300 co:
2014 274 2028 284 ·
2090 257 2092 271 “

395 328 605 402 rongtus
618 315 688 368 est
699 334 731 369 v
740 334 761 368 1
779 334 799 368 1
812 355 825 369 .
843 316 1061 372 Calend.
1077 318 1332 391 Februarij
1346 359 1364 376 .
1389 323 1532 378 Haec
1546 323 1677 380 inter
1690 323 1793 380 alia
1802 322 1985 399 legun·
2035 335 2042 395 j

395 402 477 442 tur
491 406 521 443 a
536 390 688 444 Petro
705 392 881 446 addita
895 429 915 456 ,
2090 400 2093 416 ⁴

560 491 688 554 Ergo
700 490 888 556 bentgne
901 476 1040 542 Paser
1055 528 1069 552 ,
1081 497 1189 561 quia
1201 495 1319 545 claro
1334 498 1538 564 dogmate
1547 497 1718 565 fidges,

562 563 858 625 Martyrium
862 562 1050 625 ficrum
1063 565 1263 629 praefati
1273 571 1484 634 martyris
1495 569 1602 618 almi

551 634 688 678 Sume
702 630 855 696 sagax
872 633 1044 698 placide
1060 648 1217 699 grates
1231 636 1461 698 rcfi’rendo
1474 640 1677 696 tonanti,

556 706 728 767 ‹Atque
737 706 897 765 sacrae
911 706 1030 769 plebi
1051 707 1245 755 studiose
1257 709 1434 756 tradere
1446 726 1555 757 cura
1571 741 1585 765 ,

557 778 763 826 Gaudeat
777 788 832 825 vt
840 778 1017 842 semper
1029 780 1079 826 de
1091 794 1200 826 vero
1214 780 1415 844 dogmate
1425 781 1574 843 szcro,

555 852 622 897 Ac
634 850 811 896 domino
826 853 866 897 C
885 869 913 896 n
931 867 961 897 R
979 868 994 897 1
1012 868 1028 897 s
1049 868 1075 897 T
1095 867 1123 895 o
1148 849 1324 897 laudem
1339 851 1534 899 decantet
1548 863 1752 903 ouantem

442 947 594 1017 Qae
608 947 657 998 &
674 941 856 997 similia
872 941 1161 998 huiusmodi
1176 942 1357 1007 refero,
1373 962 1428 999 vt
1441 945 1532 1000 nifi
1549 944 1712 1002 fimeta
1727 946 1979 1018 probaue-
2061 965 2063 968 ·

391 1022 459 1075 rit
469 1018 696 1074 Ecclesia
710 1056 726 1082 ,
742 1018 973 1089 improba
990 1017 1135 1072 sunto
1151 1059 1163 1072 .
1191 1019 1340 1074 Libet
1357 1036 1527 1075 tamen
1544 1021 1823 1094 aliquando
1840 1044 1975 1096 quae

393 1095 462 1150 ad
487 1096 701 1149 aliorum
730 1092 932 1148 fortasse
964 1114 1142 1148 manus
1173 1113 1274 1148 non
1304 1113 1640 1167 peruenerunt
1669 1100 1721 1152 in
1750 1102 1976 1153 medium

391 1169 569 1226 afferre
584 1172 648 1225 ad
665 1168 945 1224 funestorum
960 1171 1192 1244 gloriam.

1019 1272 1342 1365 Episcopi.

402 1435 404 1437 -
472 1393 636 1447 Nulla
653 1412 714 1447 ex
733 1394 909 1447 nostris
930 1395 1108 1447 vicinis
1125 1391 1315 1447 Ecclefi
1317 1396 1362 1462 js
1378 1389 1688 1464 Episcoporfi
1700 1395 1871 1447 seriem
1888 1391 1918 1446 s
1907 1412 1983 1447 er-

397 1471 745 1540 uauit-Ideoq.
757 1488 850 1522 nec
868 1467 1113 1522 sacrarum
1130 1487 1292 1522 rerum
1309 1468 1566 1521 historiam
1585 1486 1855 1522 contexere
1870 1467 1984 1539 pos-

398 1542 567 1598 sumus
586 1585 598 1597 .
628 1543 853 1616 Aliquos
873 1563 936 1597 eo
953 1548 1099 1614 padio
1118 1562 1222 1614 quo
1239 1544 1384 1596 licuit
1402 1548 1451 1595 in
1468 1562 1733 1596 numerum
1748 1545 1979 1616 digerere
2035 1563 2039 1566 ·
2092 1526 2107 1598 i

397 1622 561 1673 studui
582 1639 644 1674 ex
662 1638 770 1674 tota
789 1622 1097 1691 Campania,
1110 1620 1267 1673 veluti
1283 1619 1589 1673 Puteolanos
1608 1617 1759 1673 hosce
1772 1621 1824 1672 in
1839 1618 1980 1673 hunc

394 1698 621 1749 ordinem
641 1696 881 1766 compuli.
1572 1703 1578 1717 ’

473 1773 557 1824 IV
577 1773 615 1823 L
633 1774 653 1824 Ι
672 1769 721 1823 Α
737 1775 787 1825 Ν
807 1774 856 1824 V
874 1773 905 1824 S
923 1809 939 1833 2
968 1768 1056 1823 sub
1072 1771 1244 1824 Leone
1263 1767 1529 1832 Pontifice‚
1545 1773 1596 1824 &
1614 1767 1909 1824 Theodofio
1925 1773 1978 1822 δε

394 1847 760 1900 Valentiniano
773 1845 1186 1916 ImperatoribuS‚
1198 1844 1314 1898 cum
1329 1845 1437 1897 Leo
1455 1843 1799 1898 Theodosium
1815 1863 1980 1915 repre-

394 1919 642 1974 hendiffet
655 1923 746 1993 qui
763 1939 826 1974 ex
842 1938 955 1974 toto
973 1921 1097 1974 orbe
1124 1918 1397 1991 Episcopos
1427 1917 1679 1990 Ephesum
1708 1921 1978 1973 conuenire

396 1993 709 2058 iufferat‚nec
725 1997 881 2068 digna
896 1995 1162 2050 videbatur
1177 1994 1322 2049 causa
1340 2013 1444 2067 qua
1459 1997 1699 2068 Synodus
1715 1999 1971 2048 Oecume-

398 2073 513 2124 nica
531 2069 648 2124 effet
665 2070 964 2125 celebranda
981 2110 996 2133 ,
1015 2075 1065 2124 &
1082 2088 1250 2124 tamen
1268 2070 1333 2124 ab
1350 2089 1408 2124 ea
1425 2068 1795 2132 sententiaffeum
1812 2071 1979 2124 dimo-

400 2164 518 2201 uere
536 2164 639 2199 non
655 2144 890 2216 potuisset
903 2184 919 2209 ‚
956 2148 1214 2200 constituit
1241 2148 1450 2199 Sanctus
1468 2136 1707 2199 Ponfffex
1723 2184 1740 2209 ,
1754 2162 1811 2200 vt
1830 2147 1974 2198 Euti-

396 2220 601 2275 chetem
631 2219 788 2293 eiusq.
809 2221 1033 2276 fautores
1061 2223 1111 2274 in
1141 2219 1226 2274 sua
1252 2219 1445 2274 haeresi
1461 2220 1731 2274 refrenaret
1744 2259 1762 2284 ,
1778 2220 1806 2274 ὲ
1819 2221 1977 2273 latere

397 2296 622 2369 Legatos
638 2299 836 2349 mittere
852 2295 1103 2367 Ephesum
1121 2296 1187 2349 ad
1202 2296 1516 2358 Concilium,
1532 2313 1689 2367 atque
1710 2293 1893 2349 eisdem
1910 2294 1976 2348 ad
2059 2334 2062 2337 -

395 2371 693 2426 Flauianum
710 2372 1334 2441 Constantinopolitanum
1351 2371 1583 2440 epistolas
1599 2371 1739 2432 dare,
1755 2369 1977 2441 quicum

394 2444 625 2501 Vniuersa
655 2446 870 2518 Synodo
886 2449 1100 2501 veritate
1117 2447 1180 2499 de
1198 2446 1353 2500 Verbi
1368 2447 1718 2498 Incarnatione
1742 2445 1986 2499 decerne·-
2043 2504 2052 2509 ,Δ
2091 2443 2094 2465 ²

396 2537 511 2575 rent
526 2561 539 2574 .
567 2519 654 2574 Ad
670 2538 864 2575 tantam
880 2541 983 2575 rem
1001 2521 1292 2574 obeundam
1310 2518 1432 2572 miffi
1459 2521 1682 2573 Iulianus
1699 2518 1977 2590 Episcopus

402 2597 730 2659 PuteolanuS‚
749 2599 970 2650 Renatus
989 2596 1278 2650 Cardinalis
1296 2596 1430 2649 tituli
1447 2597 1497 2649 S.
1513 2596 1868 2657 Clementis&
1886 2596 1981 2648 I-Ii-

401 2672 554 2726 larius
570 2675 839 2725 Diaconus
858 2671 1165 2724 Cardinalis.
1873 2671 1978 2735 (lis.

451 2751 496 2801 T
513 2751 562 2799 H
576 2750 615 2800 E
633 2752 680 2801 O
699 2751 750 2802 D
767 2753 813 2801 O
829 2751 868 2802 R
884 2751 932 2802 V
948 2750 981 2801 S
994 2785 1012 2810 ,
1037 2746 1211 2815 ijsdem
1225 2744 1328 2800 fere
1345 2744 1780 2816 teporibusLapis
1796 2748 1982 2864 Pplteo-

1906 2836 1918 2864 1
1946 2836 1974 2865 C
