2112 3214
0 742 2 787 3
84 794 96 800 a
119 748 184 804 de
204 749 441 819 Capuam
457 744 681 818 reuersus
698 784 716 810 ,
733 747 787 799 in
804 745 1047 801 Puteolos
1064 747 1314 818 impetum
1338 744 1552 808 faciem,
1568 762 1716 816 oppr-

516 124 577 182 H
641 123 670 178 1
730 120 769 176 S
833 117 882 175 T
937 121 980 176 0
1043 117 1090 176 R
1154 119 1186 177 Ι
1231 119 1309 176 A.
1620 137 1691 183 rt

527 235 824 304 Renatus
839 284 855 301 .
876 230 1269 327 Alphonsus.
1581 242 1587 247 ’

148 428 151 432 ⁴
169 366 455 424 MaxImum
471 364 524 418 in
539 381 590 419 re
605 362 790 420 bellica
805 362 908 420 hoc
925 363 1173 436 oppidum
1187 358 1459 437 Alphonso
1474 380 1590 418 cum
1602 357 1703 418 Re:

111 461 234 501 nato
250 440 579 498 contendenti
608 478 625 504 ,
654 442 921 515 negotium
934 438 1199 503 faceffiuit‚
1215 437 1431 514 magisq.
1458 439 1707 495 Puteolos

114 519 269 595 quam
285 518 566 589 Neapolim
581 518 692 589 post
708 517 900 571 multos
923 515 1125 571 labores
1156 516 1463 572 desiderauit
1490 539 1504 577 3
1537 531 1708 588 neque

116 595 256 659 aliud
272 593 455 649 hostile
471 593 718 666 oppidum
735 594 789 647 in
804 595 1093 664 Campania
1107 594 1336 648 relietum
1356 592 1523 647 fuerat
1539 633 1552 646 .
1569 591 1710 647 Cum

115 673 270 746 igitur
283 687 487 742 recepta
503 666 765 733 Auersana
781 667 937 733 Arce,
956 671 1199 724 Caietam
1213 668 1469 741 profectus
1486 666 1623 732 esset,
1636 669 1715 720 in-
1741 666 1829 755 ,ξαν-ζ
1847 659 2002 753 :Auersa-

121 825 283 890 danos
302 840 491 877 terrore
506 822 721 881 illatoin
738 818 1053 876 deditionem
1068 822 1375 894 compellere
1388 819 1634 893 sperabat.
1644 817 1718 873 At

121 901 369 973 quoniam
386 900 823 972 oppugnationem
839 899 980 952 irrita
993 894 1099 952 loci
1114 914 1295 953 natura
1308 896 1549 960 faciebat,
1575 894 1719 971 quod

123 975 312 1037 scilicet
328 980 378 1030 δε
395 975 658 1046 praecipiti
671 992 795 1046 rupe
810 1014 827 1038 ,
843 978 893 1045 δε
907 976 1058 1029 maris
1076 974 1365 1037 altitudine,
1382 978 1433 1027 &
1459 993 1605 1027 muro
1623 974 1719 1026 cir-

125 1049 417 1124 c'umduCto,
432 1053 484 1104 δε
500 1067 656 1122 ponte
669 1056 757 1121 p'er
772 1069 927 1123 quem
945 1052 1277 1124 perangustus
1293 1050 1510 1104 dabatur
1525 1049 1717 1110 adium,

124 1128 372 1202 oppidum
389 1125 730 1190 muniebatur,
748 1126 1085 1199 quamobrem
1102 1145 1369 1199 nunquam
1384 1125 1430 1180 se
1451 1126 1716 1180 dedituros

129 1203 573 1259 animaduertebat
589 1242 605 1266 ,
631 1201 899 1259 hominum
918 1202 1238 1257 obsidionem
1255 1241 1273 1266 ,
1302 1205 1353 1257 in
1368 1203 1551 1257 vitium
1568 1199 1718 1255 arbo-

128 1299 294 1352 rumq.
327 1278 671 1333 concisionem
700 1280 950 1333 transtulit
978 1319 992 1332 .
1033 1282 1207 1352 Qare
1225 1279 1291 1333 ad
1320 1276 1720 1351 oppugnandam

131 1357 334 1424 oetauij
356 1357 553 1410 Turrim
571 1356 636 1408 ad
655 1352 910 1409 Veseuum
939 1357 1096 1409 castra
1120 1357 1286 1408 mouit
1304 1394 1317 1407 .
1346 1352 1580 1426 Multisq.
1603 1371 1720 1407 cum

132 1430 370 1502 Antonio
393 1431 637 1486 Caudola
653 1432 864 1501 peraffls
880 1468 896 1493 ,
915 1431 1156 1484 Puteolos
1173 1432 1354 1484 iterum
1369 1433 1532 1484 tetare
1549 1432 1721 1484 decre-
1749 1425 1925 1515 Amnius

126 1509 208 1562 uit
223 1545 240 1570 ,
261 1506 405 1579 quod
419 1525 683 1578 nunquam
701 1508 879 1560 Renati
896 1504 1049 1560 fidem
1067 1507 1261 1561 violare
1280 1506 1549 1561 voluerant
1568 1545 1580 1558 .
1621 1507 1725 1559 Ro-
1749 1482 1873 1518 cam
1891 1491 1927 1517 π’

129 1584 292 1654 stra-tis
309 1583 523 1637 nauibus
540 1580 792 1636 accersitis
817 1579 944 1635 iuffit
959 1598 1016 1636 vt
1038 1584 1321 1638 maritimos
1351 1584 1613 1636 comeatus
1630 1583 1724 1633 im-

132 1657 365 1730 pedirent
380 1699 394 1712 .
412 1656 519 1729 Ipse
532 1660 798 1714 tormentis
816 1659 1027 1711 inuectis
1042 1658 1329 1730 oppidanos
1345 1656 1671 1728 perterrebat.

130 1732 276 1788 ,Cum
293 1734 383 1790 diu
400 1732 678 1788 restitiffent
700 1772 717 1796 ,
745 1750 903 1806 atque
918 1736 1148 1788 omnium
1164 1753 1331 1788 rerum
1350 1733 1455 1805 spes
1475 1753 1562 1788 eos
1579 1731 1723 1787 defc-

135 1806 293 1873 ciffet,
309 1829 361 1864 re
375 1808 682 1881 potissimum
699 1809 1028 1864 frumentaria
1042 1809 1316 1874 interclusi,
1331 1809 1479 1864 miffis
1497 1812 1585 1883 qui
1604 1828 1720 1863 cum

130 1886 273 1957 Rege
287 1886 352 1941 de
365 1885 627 1941 deditione
641 1902 850 1959 agerent
875 1925 892 1949 ,
916 1885 1187 1960 acceptisq.
1202 1888 1443 1962 vtrinque
1457 1886 1722 1943 condicio·

132 1957 284 2017 nibus
299 2001 318 2032 ³
333 1962 541 2018 tandem
554 1960 1015 2037 portasAlphonso
1029 1981 1270 2036 aperuere
1283 2002 1299 2018 .

776 2076 1037 2151 Turcae
1057 2134 1073 2150 .

213 2215 380 2272 A‘nno
394 2235 414 2272 1
433 2235 454 2282 5
471 2235 555 2288 54.
583 2217 856 2290 plurimum
876 2217 1168 2272 Puteolanis
1187 2215 1480 2282 detrimenti
1496 2217 1732 2269 immine-

136 2294 229 2349 bat
246 2295 361 2349 cum
379 2293 716 2349 Oenobarbus
735 2295 1076 2348 Solimanicae
1091 2290 1245 2348 classis
1263 2296 1463 2347 Dudtor
1493 2330 1510 2354 2
1539 2293 1732 2346 vastata
1758 2303 1996 2344 Oenobtzrbus.

143 2372 359 2425 Inarime
375 2375 425 2425 δε
443 2369 700 2444 Prochyta
719 2409 734 2433 2
751 2368 878 2424 iuffit
894 2388 948 2425 vt
964 2371 1174 2425 Salecco
1192 2369 1324 2423 duce
1348 2373 1626 2423 Turcarum
1643 2385 1732 2420 co-
1760 2390 1934 2429 Salam

142 2445 315 2501 hostes
331 2446 358 2501 ὲ
375 2446 592 2501 nauibus
610 2445 968 2501 descenderent
981 2486 999 2510 2
1022 2451 1072 2500 ὃς
1090 2447 1357 2500 tormentis
1383 2444 1558 2499 vrbem
1575 2461 1733 2514 expu-

142 2538 381 2594 gnarent.
398 2525 532 2576 Petri
548 2540 717 2577 tamen
735 2522 762 2576 ὲ
779 2524 963 2577 Toleto
979 2523 1264 2594 prudentia,
1282 2539 1460 2574 eorum
1475 2518 1632 2573 furori
1650 2537 1733 2573 ce-
1760 2541 1890 2577 Petrus
1912 2540 2018 2581 ἐτη-

143 2599 312 2652 leriter
339 2600 586 2651 occurrit.
627 2600 734 2672 Qi
748 2600 887 2654 mille
904 2598 1166 2672 equitibus
1185 2596 1445 2651 nobilibus
1471 2635 1487 2659 2
1509 2596 1732 2667 proceri-
1760 2592 2024 2675 ²⁶{0rs2jb241‘221‘2

126 2671 287 2747 ‘busq.
304 2675 663 2745 Neapolitanis
692 2674 956 2730 confestim
986 2675 1287 2729 conuocatis
1300 2712 1316 2737 ,
1348 2673 1520 2727 multis
1535 2689 1734 2744 praete·
1760 2649 1975 2687 P“'³⁰“³⁷'¹¹'

141 2749 225 2808 rea
240 2768 356 2806 cum
371 2750 547 2825 peditfi
565 2749 866 2808 cohortibus
885 2752 1133 2809 Puteolos
1151 2750 1422 2815 aduolanS,
1440 2749 1733 2879 Saleccurfn,

1531 2828 1656 2883 Prae
1681 2843 1734 2879 e·-
