2112 3214
66 876 233 919 Familia
244 882 326 919 Ser-

58 944 211 973 uorum·

60 1409 218 1448 loannes
231 1407 320 1446 Μό-

57 1460 234 1514 tursuluc.

365 160 491 201 500
769 133 1596 203 ‘PVTEO'LZNJQ

429 254 648 328 Templfi
667 253 737 311 ibi
753 253 1052 312 aedificatur
1066 255 1246 313 Actius
1261 274 1398 315 anno
1420 276 1442 312 1
1460 276 1483 327 ς
1498 275 1518 313 1
1532 280 1583 313 ο.
1598 255 1827 333 Virginis
1843 250 1966 312 Par-'

359 333 436 386 tui
450 332 680 389 dicatum
704 336 849 388 cuius
878 335 981 388 etia
1000 334 1178 389 laudes
1195 337 1408 390 eximias
1426 338 1610 390 cecinit
1625 334 1713 390 suo
1728 335 1817 389 illo
1838 351 1965 404 poe-

357 425 495 464 mate
512 428 575 464 ex
601 415 710 482 quo
727 410 1001 480 plurimum
1019 411 1187 465 laudis
1215 409 1310 465 fibi
1339 428 1754 483 comparaturum
1782 412 1962 466 viuens

355 487 752 550 existiman-ineu
769 501 941 541 tame-n
961 503 1170 542 mortuo
1184 504 1310 543 vota
1327 507 1431 543 non
1444 485 1779 549 successerint,
1796 505 1965 560 quan-

354 561 425 617 do
444 580 508 618 ex
522 560 793 618 Arcadicis
813 563 917 617 illis
931 563 1142 617 ludicris
1158 562 1350 636 {criptis
1380 602 1396 628 ‚
1431 561 1622 638 quibus
1653 563 1840 636 vulgus
1860 561 1959 615 ho-

353 639 549 693 minum
567 641 648 694 cui
665 636 788 693 seria
803 636 1074 710 displicent
1087 640 1310 695 maxime
1325 642 1395 697 est
1409 640 1718 694 delectatum
1733 675 1751 703 ,
1772 654 1958 712 poetae

352 732 541 769 nomen
558 715 622 768 do
631 712 838 770 stiffimo
849 717 961 770 viro
976 715 1180 772 videtur
1195 714 1292 772 esse
1307 715 1575 792 acquisitu.
1587 716 1853 770 Familiam
1872 715 1961 769 Ser

355 808 538 845 uorum
553 793 604 845 in
621 791 675 846 id
691 791 939 863 templum
952 792 1238 849 introduxit
1252 812 1387 848 anno
1416 800 1441 847 1v
1454 812 1475 862 ς
1487 814 1513 847 2
1524 813 1579 863 4.
1607 794 1698 865 qui
1717 790 1746 847 a
1761 790 1958 863 Philip·-

353 885 422 939 po
438 867 732 922 Florentino
749 867 954 923 medico
968 866 1302 925 Anachoreta
1317 869 1525 926 fuerunt
1541 869 1754 924 instituti
1785 905 1799 922 .
1831 869 1958 920 Eius

353 942 428 1000 ibi
442 939 720 1015 sepulcrum
735 943 974 1000 nitidiore
987 960 1245 1000 ‘marmore
1260 947 1417 1020 quam
1436 948 1658 1009 Parium,
1671 941 1958 1017 sculpturae

351 1038 484 1093 opus
502 1021 746 1075 eximium
761 1019 970 1093 profert.
992 1019 1079 1076 Ad
1093 1024 1273 1077 viuum
1287 1025 1395 1079 eius
1410 1020 1571 1079 efficia
1586 1024 1847 1094 imag0,ex
1865 1037 1957 1073 cu·

352 1096 431 1151 ius
449 1115 536 1151 ore
552 1096 704 1152 mella
719 1114 978 1170 exuggere
994 1097 1232 1152 videntur
1248 1116 1367 1170 apes
1381 1137 1395 1152 .
1426 1098 1684 1170 Apollinis
1699 1101 1747 1151 Sc
1764 1098 1959 1149 Miner-

353 1190 451 1228 uae
466 1170 609 1246 figna
628 1191 762 1246 quae
776 1191 947 1228 tamen
959 1171 1104 1229 sacro
1125 1177 1333 1229 nornine
1347 1190 1608 1229 mutarunt
1627 1171 1886 1228 Iuditham
1901 1174 1956 1226 δε

351 1250 616 1306 Dauidem
643 1249 957 1321 appellantes
985 1287 1003 1314 ‚
1023 1268 1095 1304 ,ne
1112 1247 1245 1305 sacer
1262 1250 1348 1305 ille
1372 1250 1518 1307 locus
1536 1245 1876 1304 Ethnicorum
1891 1245 1958 1302 fi-

351 1325 590 1381 mulacris
621 1325 877 1381 videretur
903 1325 1211 1397 prophanari
1241 1366 1254 1379 .
1286 1323 1507 1399 Sculpfit
1535 1329 1706 1381 Frater
1734 1325 1957 1379 Ioannes

353 1399 703 1457 Montursulus
720 1403 919 1455 Seruita
937 1440 951 1465 ‚
974 1404 1064 1475 qui
1078 1403 1146 1456 ad
1163 1403 1470 1458 Florentiam
1488 1405 1540 1456 in
1569 1418 1706 1476 pago
1724 1399 1957 1473 quodam

352 1495 497 1535 ortus
512 1476 679 1533 fuerat
691 1515 709 1542 a
733 1477 945 1533 Fricisci
962 1478 1173 1533 Taddae
1189 1476 1351 1534 socius
1367 1479 1527 1552 quiin
1541 1477 1793 1534 Carrarae
1806 1493 1958 1531 mon·

354 1553 493 1612 tibus
508 1571 762 1609 marmora
789 1552 1165 1629 diligentiffime
1194 1552 1479 1627 scalpebat3
1504 1570 1667 1629 atque
1688 1551 1811 1609 inde
1824 1569 1957 1625 opus

354 1629 634 1705 perfectum
657 1631 936 1704 Neapolim
952 1631 1135 1686 detulit
1164 1670 1179 1686 .
1221 1634 1347 1687 Duo
1362 1634 1518 1687 etiam
1533 1628 1677 1706 figna
1692 1667 1710 1695 ,
1741 1628 1958 1685 alterum

354 1711 431 1765 D.
454 1706 630 1763 Iacobi
647 1704 883 1780 Apostoli
900 1745 916 1772 ,
945 1707 1164 1763 alterum
1179 1710 1248 1763 D.
1267 1709 1465 1765 Nazari
1481 1748 1497 1764 .
1536 1711 1739 1763 Praeter
1753 1704 1958 1761 tabulas

354 1787 517 1860 pictas
535 1786 586 1839 δε
605 1782 914 1840 Pistoriensss
931 1803 1047 1846 cum
1062 1784 1319 1841 Michaele
1338 1782 1669 1858 Archangelo
1684 1821 1701 1850 2
1716 1786 1768 1837 &
1783 1781 1962 1838 Theo-

356 1860 473 1918 dori
490 1878 605 1915 cum
625 1877 787 1916 coena
804 1863 1081 1916 Dominica
1098 1880 1215 1916 cum
1230 1863 1458 1933 picturae
1473 1861 1697 1916 maxima
1713 1859 1882 1913 laude.

410 1939 591 1992 Petrus
608 1935 828 1992 Bembus
845 1937 1139 1992 Cardinalis
1158 1936 1482 2009 amplissimus
1499 1931 1854 2010 dodtiffimusq.
1876 1949 1959 1990 tu-

357 2012 624 2072 mulohoc
639 2010 884 2086 inscripsit
898 2015 1210 2088 epigramma
1228 2050 1247 2078 ‚

494 2102 576 2151 Da
587 2097 724 2163 sacro
737 2101 878 2146 cineri
886 2101 1030 2164 flores
1045 2135 1056 2146 .
1079 2103 1133 2149 H
1137 2103 1175 2146 ic
1185 2099 1253 2148 ille
1264 2098 1467 2148 Marone·

559 2170 756 2219 Vicinus
773 2172 836 2218 M
842 2169 919 2233 uslz
934 2170 1199 2235 ,proximus
1214 2185 1269 2218 vt
1282 2168 1475 2220 tumulo-

579 2248 815 2296 V1x1’r.
851 2265 947 2297 AN.
988 2264 1197 2298 Lxxu.
1236 2266 1283 2298 A.
1312 2264 1359 2297 D.
1395 2266 1447 2298 M.
1473 2264 1526 2298 n.
1561 2267 1700 2299 xxx.

419 2329 616 2386 Viuens
630 2325 737 2383 hoc
751 2327 1017 2387 distichum
1036 2331 1327 2390 confecerat
1357 2335 1695 2389 Sannazarius
1710 2329 1811 2408 ipse
1824 2371 1847 2400 ,

499 2407 882 2470 Ac‘iimhicst'tus
897 2410 955 2473 est
964 2442 976 2466 ,
992 2415 1161 2459 cineres
1173 2414 1372 2476 gaudete
1380 2412 1548 2476 stpulti
1557 2443 1570 2467 ,

567 2477 672 2523 lam
683 2491 806 2539 vaga
813 2478 910 2541 post
922 2478 1069 2528 obitus
1084 2480 1254 2529 vmbra
1267 2481 1417 2529 dolore
1431 2492 1581 2529 vvcac.

423 2551 483 2611 Id
501 2553 646 2625 quod
663 2555 869 2626 poetico
888 2574 1030 2613 more
1043 2558 1174 2614 dixit
1188 2596 1205 2624 ,
1221 2576 1326 2615 non
1342 2557 1483 2634 quod
1499 2560 1529 2617 a
1544 2558 1841 2618 Christiano
1858 2561 1967 2618 cul-

370 2647 428 2686 tu
456 2630 783 2685 Christianus
812 2650 972 2706 eques
990 2632 1288 2690 abhorreret
1314 2674 1332 2701 ,
1359 2655 1415 2692 vt
1429 2637 1793 2694 obri-celatores
1819 2640 1869 2693 &
1886 2641 1967 2694 in-

370 2707 480 2761 uidi
494 2706 790 2762 obiecerant
805 2748 818 2762 .
837 2709 1142 2767 Huiusmodi
1158 2712 1316 2769 etiam
1328 2715 1384 2771 in
1398 2714 1489 2771 illo
1505 2718 1871 2790 epigrammate
1882 2714 1965 2770 lo-

371 2799 594 2858 quutum
610 2779 790 2842 scimus
804 2823 823 2852 ,

477 2868 480 2873 '
1864 2865 1970 2934 Post
