2112 3214
472 167 1250 235 HISTORIA.
1571 190 1651 235 39

5 356 7 359 ι
68 287 160 360 qni
179 283 423 342 tumultus
435 286 485 343 in
506 286 700 344 sanctos
718 288 834 343 illos
850 304 1096 362 martyres
1113 289 1165 343 in
1180 287 1540 362 Amphiteatro
1554 292 1658 343 Pu·

0 394 13 429 ι,
70 364 276 418 teolano
287 362 494 420 fuerunt
511 367 719 419 excitati
734 367 756 418 ἒ
769 367 992 438 Qoties
1012 367 1064 418 in
1081 384 1248 439 agone
1261 364 1462 420 auidiits
1477 383 1655 419 eorum

0 434 12 448 '¹
67 435 355 511 sanguinem
373 479 388 504 ,
405 440 561 515 quitm
575 440 761 495 bestiae
775 442 977 513 tyranni
991 439 1217 495 fitierunt
1240 444 1262 494 ἒ
1277 441 1412 496 Illud
1427 437 1657 511 profect&

7 579 10 589 Ι
68 511 219 567 doleo
235 514 378 587 qubd
394 517 538 571 locus
555 514 656 570 hoc
674 514 1076 587 teporesentibus
1093 515 1285 571 obfitus
1300 516 1655 587 est3deberetq.

5 590 9 647 Ι
67 584 296 644 sordibus
324 590 355 647 ὲ
371 592 729 664 Neapolitanis
744 593 973 664 purgari,
988 607 1045 646 vt
1057 595 1184 645 tanti
1200 595 1425 664 patroni,
1442 592 1621 645 lateres
1634 627 1652 652 ,

64 662 283 735 lapideS,
299 685 449 722 arena
464 707 480 732 ,
494 669 720 739 porticus
736 669 967 721 encomia
982 669 1034 721 ὃς
1051 669 1392 722 testimonium
1410 667 1654 721 dicerent.

143 741 218 794 Ea
233 742 298 797 de
314 762 368 798 re
381 743 509 798 haec
525 742 778 797 habentur
793 744 846 796 in
862 740 1082 797 eiusdem
1099 746 1335 817 martyris
1352 740 1522 797 officio
1536 764 1549 802 ς
1569 745 1587 787 Ι
1603 756 1656 786 Α·

0 840 2 850 =
72 827 106 860 η
122 829 153 862 ν
167 832 193 859 A
213 832 243 863 R
267 834 284 863 1
301 835 329 863 v
346 832 368 864 s
395 817 636 865 Beneuenti
657 816 895 881 Episcopus
910 849 923 871 ,
952 815 1227 864 Diocletiano
1242 817 1305 876 ὠ·
1318 817 1590 865 Maximino
1605 814 1657 861 in

71 879 350 940 Christianos
365 881 661 940 saeuientibus
672 913 686 935 ‚
703 882 764 928 ad
775 880 1062 929 Timotheum
1077 884 1354 946 Campaniae
1364 880 1595 944 Prasidem
1605 878 1658 925 ob

13 965 18 971 1
70 941 473 1010 Chrssianaefidei
484 945 792 1010 proleffl‘onem
806 978 820 999 ‚
848 945 1024 993 Nolam
1038 946 1334 1009 perducitur.
1367 945 1442 994 lbi
1453 946 1545 993 eius
1559 959 1660 992 con-

68 1005 245 1058 flantia
258 1011 388 1058 varie
407 1020 578 1058 tentata
595 1044 607 1064 ,
631 1013 681 1058 in
706 1010 937 1058 ardentem
941 1009 1184 1072 fornacem
1196 1011 1422 1058 coniectus
1434 1042 1446 1064 ,
1462 1012 1527 1058 ita*
1542 1009 1658 1056 iffae·

49 1067 137 1135 fias
151 1071 284 1133 euasit
298 1083 354 1121 vt
374 1091 428 1123 ne
439 1075 750 1133 vestimentum
768 1107 781 1128 ‚
797 1083 877 1122 aut
890 1074 1098 1138 capiHum
1110 1075 1290 1138 quidem
1297 1076 1497 1140 flamma
1510 1071 1659 1120 viola-

45 1154 51 1159 ·
70 1138 191 1185 uerit
200 1174 210 1184 .
249 1141 303 1185 H
304 1140 377 1186 inc
391 1139 564 1202 Praeſss
578 1138 777 1203 accensus
792 1140 1032 1186 iracundia
1048 1171 1060 1192 ‚
1073 1141 1286 1205 martyris
1295 1151 1452 1204 corpus
1469 1141 1662 1203 imperat

70 1199 207 1266 osque
219 1203 264 1250 εδ
277 1204 464 1266 distrahi
477 1205 626 1270 quoad
645 1220 893 1252 neruorum
906 1215 1129 1268 compages
1140 1203 1630 1270 artuumq.filuantur
1642 1234 1657 1250 .

75 1266 229 1330 Fesr'us
243 1270 412 1318 interea*
430 1274 658 1319 Diaconus
675 1301 688 1324 ,
713 1271 776 1328 &
789 1268 1043 1330 Desiderius
1059 1270 1217 1317 Lefflor
1229 1270 1312 1334 qui
1325 1271 1387 1316 ad
1398 1269 1664 1333 Episcopum

51 1332 199 1394 fisum
213 1332 445 1395 visendum
454 1335 711 1399 accffrant
722 1367 736 1387 ‚
752 1333 1056 1398 comprehensi,
1072 1335 1135 1393 (ἔγ
1154 1335 1435 1399 φβυὶηὲὶιῗς.
1452 1333 1552 1382 vna*
1562 1347 1664 1379 cum

69 1398 282 1461 Episcopo
294 1401 398 1448 ant?
420 1401 601 1447 rhedam
614 1398 835 1462 Praestdis
851 1398 1059 1446 Puteolos
1074 1399 1415 1463 pertrahuntur
1438 1432 1453 1454 ,
1482 1397 1542 1457 &⁴
1556 1398 1664 1444 irc-,-

71 1463 258 1511 eundem
269 1464 520 1511 traduntur
531 1480 749 1512 carcerem
769 1466 818 1511 in
831 1478 924 1529 qua
936 1463 1084 1524 Sosius
1097 1467 1165 1512 M
1164 1465 1306 1525 isenas
1321 1497 1333 1518 ,
1366 1464 1427 1522 ὠ·
1438 1463 1662 1512 Proculus

73 1528 350 1577 Puteolanus
373 1531 570 1578 Diaconi
585 1563 597 1583 ,
617 1528 826 1578 Euticbes
843 1527 977 1576 etiam
989 1528 1050 1586 &a
1071 1529 1264 1577 Acutius
1283 1530 1408 1576 Laici
1430 1529 1490 1576 ad
1508 1525 1664 1585 helt'ias

74 1592 278 1640 damnati
300 1595 633 1642 detinebantur.
669 1593 847 1654 Postero
870 1593 939 1640 die
964 1608 1110 1640 omnes
1123 1595 1172 1641 in
1188 1590 1533 1659 Amphitheatro
1538 1592 1664 1658 firis

76 1655 231 1705 obiecti
242 1675 258 1714 ‚·
275 1675 388 1722 quae
401 1658 791 1706 naturalisoblitae
801 1657 1010 1719 feritatis
1026 1658 1089 1705 ad
1108 1662 1161 1705 B.
1178 1660 1391 1721 Ianuari)
1407 1659 1539 1722 pedes
1551 1659 1666 1706 mico

67 1721 356 1786 prostrauere
367 1723 478 1786 sese.
513 1726 576 1770 ld
598 1723 850 1771 Timotheus
876 1723 1058 1785 magicis
1087 1723 1415 1770 cantationibus
1428 1724 1633 1772 tribuens
1648 1754 1664 1777 ,

73 1786 453 1848 cumſsntenttam
475 1790 630 1851 capitis
643 1788 692 1835 in
719 1787 760 1835 C
773 1806 803 1834 H
823 1804 850 1835 R
869 1802 886 1832 1
906 1803 925 1833 s
942 1803 969 1833 τ
990 1803 1007 1833 1
1034 1798 1251 1852 martyres
1258 1787 1392 1851 ferre
1417 1804 1508 1836 non
1533 1788 1663 1836 dubi-

72 1851 192 1915 tcfft
207 1849 339 1899 oculis
353 1863 710 1917 repentecaptus‚
730 1859 887 1898 orante
899 1866 1008 1898 mox
1031 1854 1083 1899 B.
1099 1857 1115 1898 Ι
1129 1871 1157 1899 A
1178 1870 1208 1898 N
1228 1871 1255 1900 v
1275 1870 1303 1898 A
1323 1868 1351 1900 R
1375 1870 1390 1899 1
1406 1871 1435 1899 0
1456 1853 1661 1901 lumen...

73 1918 234 1981 recepit
253 1949 263 1968 ‚
280 1933 366 1981 quo
377 1917 490 1976 ſsme‘
504 1916 719 1965 miraculo
730 1917 962 1965 bominum
974 1917 1225 1982 miBiafere‘
1239 1919 1438 1984 quinque
1466 1921 1506 1966 C
1526 1934 1555 1965 n
1569 1932 1602 1967 R
1619 1935 1664 1966 1·-

74 1994 97 2028 s
118 1998 146 2028 ·r
166 1982 638 2046 1fidemsusceperunc.

125 2054 200 2109 At
215 2053 335 2109 verb
349 2055 477 2128 quid
493 2056 556 2110 de
572 2056 855 2110 Puteolano
873 2056 1034 2108 Circo
1049 2053 1400 2111 dubitabimus
1418 2059 1440 2112 ἒ
1457 2056 1668 2113 Habue-

75 2151 128 2187 re
144 2136 192 2186 δε
210 2133 364 2186 Baiae
379 2132 486 2204 qui)
500 2134 646 2186 Nero
667 2131 1002 2204 Agrippinam
1021 2130 1087 2184 ad
1101 2131 1251 2186 ludos
1269 2136 1526 2188 euocauit.
1547 2135 1665 2188 Nec

75 2209 318 2282 degentes
335 2208 558 2262 Puteolis
581 2209 914 2279 Imperatores
931 2243 949 2268 ‚
975 2208 1217 2261 Romanis
1236 2207 1500 2265 caruiffent
1515 2209 1668 2264 volu-

76 2282 301 2355 ptatibus
317 2322 330 2335 .
348 2285 413 2339 Et
426 2281 615 2354 semper
633 2285 685 2336 in
702 2284 914 2337 Graecis
929 2282 1221 2337 ciuitatibus
1238 2285 1384 2339 Circi
1403 2290 1455 2339 &
1472 2284 1664 2341 Stadia.

80 2359 383 2413 Habuerunt
409 2376 628 2432 quoque
653 2356 764 2417 suas
782 2359 1080 2412 venationes
1105 2360 1248 2413 Circi
1278 2398 1290 2411 .
1334 2361 1510 2414 Liuius
1527 2363 1667 2414 Cen—
1692 2356 1842 2396 lib-¹¹·

78 2433 210 2488 sores
229 2453 450 2488 carceres
479 2437 531 2488 in
559 2435 718 2488 Circo
745 2431 930 2487 Iocaffe
945 2429 1146 2497 scribit,
1173 2433 1202 2488 ὲ
1233 2434 1422 2506 quibus
1448 2435 1608 2490 veluti
1637 2433 1666 2490 ὲ

81 2513 259 2563 Cauea
289 2509 474 2565 bestiae
503 2509 862 2565 emittebantur
879 2546 895 2562 .
922 2506 1164 2567 Habuere
1186 2513 1245 2566 δε
1265 2511 1596 2567 Gladiatores
1609 2525 1668 2567 vt

80 2589 264 2640 Forum
280 2588 330 2639 δε
347 2586 498 2660 Septa
512 2623 528 2643 .

1422 2883 1554 2955 Qv
1570 2878 1666 2935 ΑΕ
