2112 3214
488 97 1261 168 HlsroRr‘Ass
1592 126 1706 171 υτ

121 219 263 278 tedia
282 219 638 280 Atianenfium
655 222 1021 298 Episcopu5,ex
1036 222 1371 279 Canonicorfi
1387 218 1721 293 Regularium.

119 296 335 362 familia,
345 301 437 371 qui
451 299 612 358 bonas
627 302 821 357 litteras
836 305 1011 358 viuens
1027 301 1206 355 coluit.
1229 300 1271 355 V
1274 298 1365 354 rna
1376 313 1717 354 marmoream

118 392 239 431 cum
255 374 474 432 disticho
488 377 634 453 quod
647 375 677 433 ὲ
692 380 910 433 Donato
927 378 1166 433 recolitur
1183 414 1203 441 ‚

143 465 146 467 ’
252 456 466 505 Mantua
478 472 545 502 me
554 457 720 521 genuit
733 491 745 510 ‚
764 458 953 505 Calabri
969 469 1159 520 rapuere
1173 463 1314 509 ,tenet
1327 470 1455 504 nune

318 526 612 588 Parthenope.
629 526 766 572 cecini
780 526 944 589 pcfiua
961 557 971 576 ,
984 541 1100 572 rura
1114 558 1126 579 ,
1139 525 1269 572 duces
1281 556 1295 579 ,

174 595 241 651 Se
256 591 429 651 vidiss'e
444 592 614 650 scribit
627 598 805 650 Petrus
821 595 1109 668 Stephanus
1126 598 1219 669 qui
1231 595 1298 650 ab
1311 593 1434 650 hinc
1451 611 1612 649 annos
1629 592 1712 652 xl.

120 688 251 743 opus
267 673 330 727 de
352 672 714 744 Neapolitanis
733 672 935 743 templis
954 673 1117 727 edidit
1132 712 1147 726 .
1176 675 1392 728 Ioannes
1408 687 1580 726 tamen
1596 670 1713 724 Vil-

118 747 266 804 lanus
279 785 295 810 ,
315 750 510 803 Vrnam
528 766 644 801 cum
661 746 924 803 cineribus
943 750 1239 802 Mantuanis
1259 746 1546 818 petentibus
1566 748 1712 800 Nea-

117 824 380 895 politanos
399 820 677 878 conceffiffe
694 821 859 878 afferit
875 864 888 877 .
921 826 1085 895 Inepti
1101 821 1218 878 sane
1232 821 1435 878 fuiffent
1450 861 1464 876 .
1491 821 1711 894 Aliqui,

120 899 496 973 Longobardos
510 900 809 955 Canonicos
826 898 1060 954 sustuliss'e
1076 898 1301 954 fatentur
1325 939 1339 953 .
1369 898 1568 971 Idem-q.
1587 900 1710 969 Epi-

119 972 303 1046 scopus
322 972 632 1038 affirmabat‚
651 977 699 1030 V
701 994 843 1030 rnam
860 1014 877 1040 ,
893 976 1154 1030 columnas
1167 1015 1184 1040 ,
1212 980 1264 1030 δε
1280 993 1438 1047 par-ua
1453 974 1709 1047 quaedam

117 1048 385 1105 simulacra
398 1049 427 1105 a
444 1051 709 1106 Cardinali
727 1055 1015 1106 Mantuano
1031 1090 1047 1116 2
1063 1053 1453 1107 Canonicorum
1470 1066 1710 1122 patrono,

114 1125 378 1190 ablata,ab
392 1127 631 1200 eodemq.
649 1131 864 1183 Genuae
879 1127 1195 1192 1⁴eli6ta2ci1m
1208 1127 1280 1183 ibi
1292 1129 1345 1181 in
1362 1128 1540 1180 itinere
1556 1124 1641 1179 obi
1646 1128 1661 1193 j
1668 1122 1712 1177 s-

113 1198 203 1257 set.
220 1200 380 1279 Qod
396 1201 435 1257 fi
451 1219 539 1258 aut
558 1207 770 1258 Genuae
787 1243 804 1268 ,
823 1221 912 1258 aut
928 1207 1174 1259 Mantuae
1190 1205 1318 1258 tanti
1334 1203 1429 1258 viri
1441 1202 1710 1273 relliquiae

112 1275 269 1333 effent
282 1318 299 1342 2
320 1296 428 1351 quo
444 1282 593 1350 paeto
609 1278 675 1333 ab
690 1298 864 1335 earum
882 1282 1188 1335 ostetatione
1203 1279 1542 1335 abstinerent?
1558 1279 1712 1331 Man-

112 1370 236 1409 tuae
251 1356 464 1427 inquam
478 1393 495 1419 ‚
522 1354 610 1410 vbi
636 1357 688 1410 in
713 1358 932 1412 nummis
947 1359 995 1412 V
999 1357 1131 1431 irgili
1134 1360 1151 1428 j
1169 1395 1187 1420 ,
1217 1355 1375 1411 veluti
1391 1353 1562 1422 Lesbi)
1581 1354 1710 1424 Sap-

111 1429 246 1502 phus
261 1471 278 1496 ‚
294 1435 344 1485 &
363 1429 472 1485 Chi
476 1433 492 1499 j
511 1434 743 1495 Homeri,
766 1431 984 1506 effigiem
1001 1432 1286 1487 cudendam
1302 1446 1554 1485 curarunt.
1572 1429 1708 1484 Illud

110 1507 325 1580 quidem
341 1506 680 1561 admiratione
695 1509 909 1582 dignum
925 1510 1055 1563 inter
1068 1510 1340 1580 parietinas
1357 1507 1466 1560 illas
1483 1505 1706 1559 Laurum

114 1581 323 1638 creuiffe
335 1622 352 1647 ,
380 1580 564 1637 summi
579 1600 845 1656 poetarum
862 1587 1153 1639 encomium
1168 1625 1182 1639 .
1213 1586 1270 1638 In
1284 1584 1508 1657 antiquis
1521 1598 1708 1636 monu-

107 1661 292 1716 mentis
305 1657 412 1715 hoc
431 1661 760 1735 Epigramma
776 1677 1029 1734 repertum
1044 1659 1214 1716 ferunt
1226 1699 1244 1725 ,

247 1763 446 1804 SISTE.
477 1762 769 1806 VIATOR.
801 1762 1071 1817 QVAESO.
1106 1761 1358 1803 PAVCA.
1390 1758 1566 1812 LEGIf

438 1828 549 1866 To.
580 1826 729 1866 HIC.
757 1827 982 1868 MARO.
1009 1826 1217 1869 SITVS.
1247 1827 1372 1867 EST.

149 1912 208 1969 In
229 1909 396 1983 lapide
411 1907 512 1964 hoc
531 1907 780 1982 scupltum
796 1948 816 1975 9

239 2000 369 2060 Qae
384 1995 562 2042 Cineris
577 1996 749 2044 tumulo
762 1996 866 2043 haec
879 1993 1109 2058 vqsttgia?
1120 1992 1330 2042 conditur
1344 1988 1505 2040 olim-..-

307 2065 392 2112 Ille
407 2067 482 2112 hoc
494 2067 574 2129 qui
585 2068 738 2114 cecinit
756 2069 920 2130 pcfiua
931 2098 946 2120 ,
964 2079 1080 2113 rura
1089 2097 1104 2119 ,
1120 2063 1270 2112 duces.

145 2142 294 2203 Haec
311 2140 434 2192 item
455 2135 659 2193 fuerunt
677 2137 924 2210 adscripta
941 2175 960 2202 ‚

174 2211 178 2215 ’
246 2217 383 2283 de
395 2216 548 2283 scffls
563 2220 764 2266 tumulus
778 2253 788 2272 ‚
806 2214 1178 2283 quddfiafiafit
1188 2231 1339 2270 vrna,
1352 2213 1577 2281 quidinde
1590 2219 1614 2262 ³

305 2292 389 2335 Sat
401 2289 576 2335 celebris
588 2288 707 2336 locus
720 2290 895 2336 nomine
906 2291 953 2336 V
954 2288 1042 2335 atis
1056 2287 1142 2335 enit
1687 2353 1691 2355 .

145 2361 304 2419 Anno
321 2360 385 2416 ab
406 2364 473 2416 V.
492 2364 561 2416 C.
583 2370 614 2415 6
621 2367 711 2434 84.
731 2362 859 2417 Idib.
876 2360 1062 2417 Octob.
1079 2363 1129 2415 in
1146 2378 1282 2436 pago
1298 2359 1450 2417 Ande
1463 2377 1568 2416 non
1582 2353 1702 2434 pross

106 2441 193 2497 cul
208 2440 235 2494 a
257 2441 473 2493 Mantua
492 2440 650 2494 Vates
673 2457 822 2494 natus
840 2440 924 2493 est.
937 2437 1063 2493 hinc
1081 2438 1269 2502 Silius,
1726 2439 1856 2483 Lib-⁸:

238 2521 449 2567 Mantua
467 2523 530 2566 M
534 2517 716 2588 nsctrum
730 2521 886 2567 domus
901 2529 1035 2585 atque
1049 2520 1189 2568 vbera
1200 2526 1340 2566 cantu

240 2589 413 2638 Ειιεέῗα
429 2590 607 2636 Andino

105 2659 180 2718 fic
196 2662 331 2717 enim
351 2659 626 2733 legendum
642 2699 659 2725 ,
682 2680 806 2723 non,
828 2668 1024 2722 Achiu03
1041 2663 1333 2718 Cremonae
1347 2658 1613 2721 educatust,
1635 2656 1703 2711 ad

111 2737 380 2815 septimum
397 2738 576 2794 aetatis
593 2756 785 2795 annum
797 2740 1102 2797 Mediolanii
1114 2776 1134 2804 2
1150 2737 1268 2795 inde
1294 2736 1516 2809 Neapoli
1523 2755 1572 2865 1}
1590 2752 1707 2866 {rgo-

1566 2830 1590 2864 C
1645 2828 1704 2865 US
