2112 3214
394 165 513 206 152
801 135 1642 201 ‘PVTEOLANA

362 259 411 317 se
425 261 662 335 cognitos
677 297 694 324 ,
708 256 921 333 quando
938 253 1241 331 sagittarum
1259 255 1471 313 stridore
1486 260 1537 312 &
1555 257 1767 314 immani
1783 255 1983 311 veloci-

364 353 473 394 tate
489 376 506 401 2
520 338 734 392 coeteris
748 353 866 390 eum
883 333 1074 389 viribus
1090 333 1341 406 praestare
1358 352 1537 389 omnes
1552 333 1940 407 praedicabant.

363 411 607 470 Difficilis
622 411 817 468 idcirco
833 409 1034 466 obsidio
1051 410 1249 465 reddita
1265 411 1335 464 est
1348 450 1362 463 .
1386 415 1558 483 Turpe
1575 413 1817 467 Romanis
1832 410 1976 466 vide-

365 488 520 546 batur
536 491 646 562 post
662 506 741 543 tot
759 487 956 542 labores
970 487 1221 559 oppidum
1238 490 1291 542 in
1306 484 1443 542 suam
1458 489 1757 560 potestatem
1778 507 1882 553 non
1900 506 1980 542 re-

368 564 560 642 degisse
575 606 589 621 .
606 570 776 638 Turpe
796 563 1010 620 Gotthis
1025 565 1340 620 deditionem
1358 562 1526 620 facere
1541 606 1554 619 .
1571 566 1648 618 Ex
1664 583 1812 619 antro
1824 566 1982 639 igitur

370 644 601 719 Sibyllae
616 643 699 698 cui
715 659 829 714 pars
848 659 1108 696 murorum
1128 639 1611 714 nitebatussinspem
1629 644 1768 698 venit
1784 641 1981 713 oppido

371 724 655 797 potiturum
672 760 686 774 .
706 716 929 773 Exscisso
945 714 1076 773 antri
1092 735 1330 773 connexo
1347 758 1363 783 ‚
1393 723 1445 775 δε
1461 721 1636 775 ‘creetis
1654 721 1809 793 tignis
1827 721 1879 772 in
1895 736 1981 771 or·-

372 800 547 854 dinem
565 795 840 852 substitutis
858 813 993 870 quae
1007 798 1136 850 muri
1151 795 1353 869 pondus
1369 792 1661 852 sustinerent
1675 835 1691 862 ,
1711 814 1776 851 ne
1792 792 1983 850 resolu-

373 892 430 932 ta
447 890 723 948 compages
741 889 1018 937 corrueret,
1035 888 1143 946 atq;
1166 873 1354 927 milites
1372 876 1687 946 opprimeret
1699 912 1716 938 ,
1733 872 1982 928 foliorum

375 952 638 1009 aridorum
654 952 783 1006 strue
798 948 1034 1006 adhibita
1050 989 1068 1015 ,
1095 953 1147 1004 &
1162 948 1378 1004 immisso
1393 953 1514 1025 igne
1531 991 1547 1015 ‚
1567 968 1630 1005 ex
1647 967 1794 1006 antro
1811 945 1984 1003 exces-

375 1027 545 1101 serunt
560 1068 575 1082 .
594 1028 835 1101 Excitata
850 1026 1059 1083 flamma
1075 1062 1092 1090 -,
1109 1024 1442 1082 sustentacula
1455 1025 1813 1102 conflagrauit.
1831 1028 1986 1101 Qae

376 1124 497 1163 cum
513 1099 751 1161 ceffiffent
764 1104 981 1178 ponderi
995 1140 1013 1170 ³
1029 1122 1202 1158 murus
1220 1122 1382 1177 quoq;
1399 1104 1621 1160 deiectus
1640 1105 1708 1160 est
1722 1142 1736 1158 .
1751 1102 1828 1158 At
1846 1107 1984 1163 Got-

374 1178 458 1238 thi
474 1177 771 1255 corporibus
789 1199 969 1238 mutuo
984 1198 1186 1236 murum
1201 1181 1445 1236 struentes
1461 1220 1479 1245 ‚
1505 1179 1601 1236 sese
1624 1195 1770 1237 tanto
1785 1182 1982 1252 impetu

376 1259 677 1314 obiecerunt
692 1257 1006 1323 hostibu3‚vt
1016 1257 1255 1331 potiundi
1268 1257 1447 1330 oppidi
1462 1255 1545 1330 spe
1561 1254 1852 1321 abiecta2ad
1868 1255 1986 1311 Flo-

377 1337 593 1392 rentiam
607 1374 625 1401 ,
638 1352 696 1393 vt
708 1333 953 1400 diximuS,
967 1337 1124 1391 castra
1140 1337 1410 1388 mouerint.
1421 1336 1726 1390 Francorum
1740 1340 1912 1388 tamen
1928 1333 1999 1392 in.

381 1414 584 1470 Italiam
599 1412 823 1469 aduentu
837 1411 1114 1487 Aligernus
1132 1427 1443 1474 commotu3‚
1460 1411 1722 1466 Romanos
1742 1408 1984 1467 obsiden-

380 1506 460 1545 tes
475 1489 679 1562 monuit
692 1527 711 1554 ‚
725 1505 905 1562 optare
917 1506 975 1545 vt
990 1485 1082 1543 fibi
1096 1487 1162 1543 ad
1178 1485 1394 1542 Narsete
1410 1487 1577 1542 aditus
1593 1503 1805 1560 pateret.
1823 1484 1987 1561 Qod

383 1566 503 1623 cum
518 1563 707 1623 Narses
723 1564 938 1622 rescisset
951 1604 968 1631 ‚
999 1560 1319 1620 libentiffime
1332 1566 1514 1619 annuit
1530 1602 1547 1629 ,
1565 1561 1985 1640 proptereaquod

383 1642 514 1701 illud
530 1662 689 1698 vnum
707 1642 934 1699 maxime
951 1640 1244 1716 optabat‚vt
1256 1642 1307 1695 in
1322 1642 1671 1708 Romanorum
1687 1641 1988 1713 potestatem

383 1719 637 1793 oppidum
654 1721 965 1793 redigeretur
990 1757 1005 1772 .
1034 1719 1094 1772 In
1108 1735 1289 1791 agrum
1308 1717 1660 1772 Rauennatem
1676 1734 1799 1772 tunc
1815 1713 1988 1789 profe-

385 1802 495 1854 Ctus
514 1798 583 1851 est
605 1834 622 1860 ,
639 1800 691 1851 ὃς
706 1798 774 1851 ad
789 1794 982 1852 Classes
1002 1795 1181 1862 (locus
1195 1795 1248 1846 in
1265 1811 1326 1847 eo
1340 1809 1466 1868 agro
1483 1794 1587 1860 est)
1616 1791 1882 1848 Narsetem
1898 1810 1990 1847 na-

387 1877 498 1945 stus
517 1912 533 1937 ,
556 1874 844 1931 Cumarum
861 1873 1031 1927 claues
1051 1870 1126 1924 illi
1143 1869 1353 1924 tradidit
1368 1910 1381 1923 .
1402 1869 1631 1944 Benigne
1645 1868 1991 1924 &liberaliter

389 1949 457 2006 ab
473 1968 536 2003 co
553 1967 610 2003 ac
619 1963 794 2020 ceptus
809 1949 1019 2002 est-Pars
1041 1946 1305 2019 copiarum
1318 1947 1515 2000 Cumas
1530 1943 1837 2001 introducta.
1853 1963 1992 2018 pars,

389 2026 458 2082 ad
472 2028 616 2080 vicos
643 2028 696 2079 &
713 2024 914 2079 castella
930 2020 1115 2077 seceffit
1128 2060 1141 2076 .
1183 2019 1326 2076 Cum
1339 2021 1620 2095 Neapolim
1636 2022 1834 2077 Totilas
1850 2021 1995 2076 obse-

390 2103 536 2159 disset
553 2139 570 2166 2
586 2101 670 2156 cui
684 2115 792 2157 erat
806 2094 1060 2172 praesidio
1074 2100 1290 2162 Conon,
1314 2114 1511 2170 partem
1524 2098 1778 2154 exercitus
1794 2100 1992 2153 Cumas

392 2176 529 2234 misit
543 2179 595 2231 in
609 2196 715 2251 qua
737 2178 944 2231 ciuitate
959 2174 1194 2230 mulieres
1212 2192 1276 2230 ex
1292 2171 1561 2230 nobilitate
1577 2174 1812 2230 Romana
1828 2176 1964 2247 cepit
1976 2213 1995 2240 ,

393 2253 631 2329 liberasq.
647 2252 941 2328 parentibus
955 2256 1007 2308 ὃς
1021 2254 1142 2308 viris
1158 2249 1659 2309 remifit.Nauclerus
1674 2255 1862 2309 Gener.
1873 2270 1893 2307 1
1908 2270 1960 2322 9.

966 2372 1117 2440 Lon
1123 2366 1399 2466 gobardi
1416 2419 1432 2438 .

432 2496 750 2555 Romoaldus
766 2497 843 2553 11.
862 2501 914 2553 δε
939 2514 959 2552 1
971 2519 1020 2553 x.
1040 2495 1164 2553 Dux
1178 2499 1623 2553 Beneuetanorum
1640 2513 1776 2551 anno
1804 2515 1837 2567 7
1849 2515 1868 2550 1
1887 2513 1933 2563 5.
1949 2512 2005 2552 vt

396 2573 469 2630 sui
492 2578 695 2648 Imperij
714 2574 841 2630 fines
856 2591 1163 2649 propagaret
1177 2613 1195 2639 ,
1213 2594 1380 2630 arcem
1407 2573 1704 2629 Cumanam
1721 2570 2000 2647 aggressus,

398 2670 514 2706 arce
531 2658 581 2707 &
599 2652 795 2725 oppido
809 2654 1001 2724 potitus
1018 2653 1087 2706 est
1099 2691 1112 2705 .
1139 2654 1269 2706 Mox
1282 2649 1311 2706 a
1324 2652 1514 2706 Ioanne
1530 2646 2002 2722 Neapolitanorum

399 2727 550 2783 Duce
565 2768 580 2792 ‚
599 2734 651 2785 ὃς
668 2728 960 2785 Theodimo
978 2727 1312 2783 Subdiacono
1328 2732 1380 2783 δε
1402 2729 1704 2783 CorreCkore
1721 2729 1814 2795 (vt
1826 2724 2002 2797 appel-

399 2803 473 2860 lat
488 2804 784 2863 Anastasius
799 2801 1252 2874 Bibliothecarius)
1260 2805 1508 2881 oppidum
1519 2818 1778 2879 receptum
1793 2802 1846 2869 <Sc
1862 2799 2003 2856 Lon·

1787 2876 2009 2954 gobardi
2073 2918 2076 2919 ν
