2112 3214
419 187 500 234 40
805 164 1652 225 DEBALNEJS

404 287 484 326 eus
501 275 566 324 ad
575 284 720 324 cutem
734 275 888 324 haeret
902 313 912 324 .
932 286 1089 324 euocat
1101 310 1114 324 .
1159 271 1355 327 Idcirco
1371 291 1621 346 aquarum
1652 275 1928 347 qualitates
1943 273 2014 331 es-

405 347 456 406 se
476 347 1098 412 animaduertendasmam
1114 347 1343 404 dulcium
1362 350 1719 407 calefactarum
1738 371 2013 425 aquarum,

355 474 360 476 .
401 425 443 482 fi
458 425 629 482 media
655 426 900 497 temperie
920 423 1111 479 fuerint
1126 463 1143 489 2
1171 427 1248 480 vis
1271 425 1436 483 calida
1454 430 1506 480 δε
1527 424 1739 482 humida
1754 431 1823 483 est
1839 469 1854 492 ,
1886 429 1921 483 fi
1938 447 2015 483 te-

400 502 625 577 pidiores
639 540 656 566 ,
672 499 886 557 humida
904 505 954 558 ὃς
971 499 1157 575 frigida
1175 524 1186 562 ς
1206 499 1245 555 fi
1261 503 1392 557 iusto
1408 502 1875 566 calidiore52calida
1894 510 2013 579 qui-

398 580 520 636 dem
539 617 554 642 ,
573 576 776 635 sednon
789 576 999 650 perinde
1017 576 1232 632 humida
1244 618 1259 633 .

479 654 707 711 Dicebat
723 656 901 727 itaque
918 656 1135 711 Ioannes
1148 650 1437 709 Franciscus
1455 653 1738 708 Brancaleo
1758 656 2018 728 Neapoli-

403 748 556 791 tanus
573 731 804 786 medicus
821 733 875 785 in
891 748 952 785 ea
976 727 1346 802 disceptatione
1359 768 1375 794 ‚
1396 748 1533 802 quae
1548 749 1721 785 coram
1741 732 1904 786 Paulo
1921 733 2016 787 ΙΙΙ.

401 805 657 867 Pontifice
671 805 854 866 morbo
868 803 1049 861 affecto
1064 805 1243 863 habita
1257 808 1326 861 est
1342 844 1359 870 ,
1389 807 1496 860 duo
1510 804 1817 878 potiffimum
1850 807 2015 863 consi·

397 885 627 942 deranda
646 886 709 954 ijs
727 880 1130 955 quihuiusmodi
1147 881 1502 939 affectionibus
1535 881 1773 937 afferrent
1797 887 2016 942 medici-

401 979 520 1016 nam
538 999 554 1025 ,
572 963 949 1033 percoctionem
969 958 1241 1016 crudorum
1273 977 1404 1032 quas
1420 976 1539 1014 ante
1553 956 1812 1033 sanguinis
1847 960 2015 1032 perfe-

401 1040 627 1101 §tionem
645 1035 838 1096 fuerint
855 1074 870 1100 ,
905 1039 956 1090 &
973 1036 1295 1093 eduitionem
1314 1038 1504 1090 acrium
1522 1038 1573 1089 &
1592 1036 1857 1091 mordacis}
1878 1055 2011 1110 quae

402 1112 624 1176 secunda
645 1111 758 1172 sunt
773 1150 789 1176 ‚
813 1116 864 1169 <Sc
881 1110 1124 1186 sanguine
1136 1113 1412 1184 posteriora
1429 1151 1443 1165 .
1485 1110 1753 1167 Abstinere
1780 1131 1869 1168 eos
1888 1132 2013 1169 con-

401 1190 584 1253 ueniat
603 1189 670 1244 ab
690 1190 833 1243 omni
850 1189 1024 1245 valido
1039 1205 1205 1251 motu,
1222 1187 1377 1243 blade
1395 1189 1574 1242 vnstos
1591 1205 1750 1261 atque
1766 1190 1885 1244 oleo
1901 1208 2014 1260 per-

401 1266 574 1321 fricsskos
603 1263 874 1337 perfriCtos
891 1264 1136 1337 perquam
1155 1263 1295 1318 suaui
1313 1265 1486 1318 lauare
1500 1266 1692 1320 Balneo
1717 1287 1729 1325 ;
1748 1266 1867 1319 inde
1885 1269 1935 1320 in
1954 1285 2015 1319 0-

403 1346 485 1406 cio
507 1342 775 1416 esse-atque
791 1343 949 1397 etiam
967 1341 1140 1395 somno
1159 1339 1198 1395 fi
1216 1339 1324 1395 fieri
1342 1338 1485 1413 poffit
1499 1382 1512 1395 .
1538 1343 1603 1395 Et
1620 1342 1763 1396 addit
1783 1365 1796 1402 ς
1842 1351 2013 1393 Cam-2

399 1420 547 1484 igitur
560 1419 712 1482 primo
727 1417 794 1463 die
810 1418 986 1480 experti
1000 1433 1060 1463 an
1067 1414 1210 1480 fizcile
1216 1416 1365 1481 finita
1376 1415 1581 1480 lcff‘tudo
1591 1416 1658 1478 sit
1668 1452 1675 1458 .
1674 1415 1889 1479 similtter
1893 1434 1925 1479 g
1937 1433 2007 1461 ra-

401 1493 563 1532 uatum
576 1483 797 1529 hominem
810 1483 1032 1528 cernimus
1047 1515 1060 1535 ‚
1084 1480 1183 1528 tiam
1196 1482 1442 1528 mittendus
1461 1484 1507 1528 in
1523 1480 1740 1528 Balneum
1751 1482 1805 1544 est
1824 1494 1895 1527 ern
1913 1499 2008 1528 rm)

384 1549 585 1615 stcundo
601 1548 690 1605 die‚·
711 1548 810 1595 tiam
826 1548 970 1612 quiete
989 1582 1000 1601 ,
1016 1547 1334 1610 abstinentiaq.
1354 1545 1579 1593 habendus
1593 1583 1603 1593 .
1626 1548 1761 1610 aequ?
1778 1551 1888 1593 vero‘
1905 1552 1950 1604 (ᾖ
1967 1546 2017 1611 fi

399 1615 566 1663 iterum
583 1615 787 1672 &tertio
803 1623 1002 1676 oportere
1015 1612 1201 1665 videris,
1217 1614 1370 1660 itidem
1384 1612 1603 1659 ieiunium
1617 1611 1796 1659 lauabis
1819 1617 2010 1675 quietem

400 1686 462 1744 ὠ·
462 1683 676 1746 fimmum
688 1682 786 1747 ipsis
800 1683 1101 1730 lauationibus
1112 1683 1397 1744 interponens
1421 1717 1433 1732 .
1479 1677 1657 1751 Atque
1692 1695 1746 1735 Vt
1763 1681 2010 1752 antiquo-

398 1773 513 1810 rum
532 1757 583 1808 in
600 1754 799 1810 Balneis
820 1752 958 1810 vsum
974 1793 990 1817 ,
1006 1771 1204 1826 praeter
1217 1752 1381 1809 febres
1396 1794 1411 1817 ,
1429 1755 1663 1810 laudaret
1675 1794 1692 1819 ,
1723 1759 2010 1828 Hippocra-

400 1834 465 1887 tis
485 1829 628 1886 affert
655 1834 1011 1886 auitoritatem
1030 1833 1120 1904 qui
1139 1829 1310 1888 scribit
1326 1831 1529 1886 dulcem
1563 1850 1754 1905 aquam
1774 1831 2004 1887 madefa-

401 1927 514 1963 cere
529 1912 579 1963 &
597 1907 899 1982 refrigerare
915 1947 932 1972 ,
963 1907 1078 1965 cum
1097 1926 1280 1978 corpus
1296 1907 1564 1962 humidum
1582 1909 1765 1962 reddat
1782 1931 1794 1968 ς
1831 1909 2000 1963 calida

397 1985 589 2040 Balnea
604 1986 828 2038 ieiunum
843 1986 1093 2037 emaciare
1109 2022 1124 2046 ,
1143 1988 1193 2037 ὃς
1211 2003 1315 2037 non
1331 1984 1490 2037 lauari
1508 2003 1602 2038 nec
1619 1986 1762 2057 vngi‚
1777 1983 1997 2039 humido

399 2058 705 2132 consumpto
725 2059 938 2115 siccare.
980 2061 1046 2114 Et
1063 2059 1179 2114 cum
1204 2060 1393 2114 Balnea
1412 2063 1575 2115 varias
1593 2060 1888 2114 morborum
1922 2059 2000 2115 af-

398 2135 644 2192 fectiones
661 2138 953 2193 curauerint
969 2174 986 2199 ,
1022 2155 1125 2189 non
1143 2134 1238 2189 esse
1270 2134 1519 2191 summum
1552 2140 1919 2210 Imperatorum
1948 2139 2002 2192 in

402 2213 605 2270 Balneis
629 2214 847 2268 studium
872 2212 1228 2266 admirandum
1248 2252 1262 2266 .

479 2288 752 2349 Cardanus
770 2288 1030 2364 distinguit
1043 2289 1348 2343 Balneorum
1366 2308 1528 2363 aquas
1546 2292 1598 2351 in
1616 2289 1832 2345 calidam
1875 2288 2007 2361 tepi-

399 2363 522 2420 dam
549 2381 909 2438 ,temperatam
926 2404 941 2429 ,
958 2365 1196 2439 frigidam
1213 2405 1224 2418 .
1270 2367 1456 2421 Balnea
1471 2366 1500 2420 ὲ
1516 2367 1685 2420 calida
1700 2330 2006 2495 aqqne-

400 2440 692 2496 ualentibus
708 2440 835 2498 nihil
853 2440 1079 2512 prodesse
1097 2440 1277 2506 asserit,
1287 2461 1355 2497 ne
1372 2441 1641 2516 quisquam
1659 2444 1830 2513 cupiat
1847 2461 1874 2495 e
1897 2443 2005 2496 ixa-

399 2519 443 2573 ri
459 2557 472 2571 .
523 2518 722 2589 Tepida
735 2514 1003 2574 dissoluere
1020 2521 1148 2572 vires
1167 2516 1361 2581 scribit,
1384 2523 1632 2590 &corpus
1661 2518 1968 2572 labefactare
1987 2557 2000 2571 .

400 2595 608 2667 Frigida
623 2593 745 2649 vero
774 2597 999 2668 gratiora
1015 2592 1111 2648 effe
1126 2633 1141 2657 ,
1166 2590 1374 2666 eiusque
1390 2593 1772 2667 vsumantiquis
1791 2595 1889 2648 illis
1909 2596 2003 2665 qui

404 2686 548 2724 more
562 2668 845 2727 belluarum
865 2670 1439 2741 viuebant,peculiarem
1454 2666 1598 2725 fuisse
1612 2709 1628 2734 ,
1642 2689 1775 2744 quos
1793 2670 2005 2725 iuuabat

404 2743 552 2800 ficcis
569 2745 841 2803 frondibus
859 2744 905 2801 se
922 2746 1185 2822 detergere
1202 2784 1218 2810 ,
1248 2750 1300 2800 ὃς
1315 2746 1672 2802 mundioribus
1703 2748 1970 2809 inuoluere
1987 2783 2002 2797 .

404 2819 545 2885 Cum
559 2824 737 2901 postea
754 2823 818 2881 ad
838 2822 1192 2889 humaniorem
1209 2823 1404 2887 cultum
1432 2823 1843 2889 effentmortales
1862 2822 2005 2938 recflttk

1961 2909 1974 2937 ί
1992 2923 2007 2945 ι
