2112 3214
357 140 434 195 82
723 135 874 196 DE
973 138 1573 197 BALNEIS

491 241 545 290 Si
557 242 743 307 patitur
756 243 916 308 eapitis
936 244 1102 309 puppis
1119 242 1197 292 vel
1206 255 1352 309 prora
1363 245 1557 295 dolorem
1568 277 1585 295 .

560 316 613 362 Si
625 314 738 362 dolet
750 313 991 378 opprfftm
1003 314 1149 378 splene
1162 326 1356 364 tumente
1369 319 1492 365 iecur
1506 353 1519 366 .

494 391 529 435 S
531 390 632 454 ique
645 387 780 451 caligo
795 387 909 433 diem
922 389 1062 435 noetis
1077 404 1305 453 germana
1318 391 1517 436 minorat
1527 423 1541 444 ,

563 461 779 507 Omnibus
791 459 858 508 his
874 462 999 523 vitus
1012 460 1241 508 ‘Brattula
1251 461 1464 527 praestat
1476 475 1600 526 opem
1612 495 1626 510 .

498 536 794 597 Qartanam
817 532 1009 595 perimit
1023 568 1034 587 ‚
1047 549 1125 582 nec
1138 551 1228 582 non
1243 546 1369 584 necat
1384 535 1773 602 Amphimert‘nam
1783 568 1798 585 .

468 634 472 636 s
565 609 626 653 H
626 607 663 650 ic
676 603 942 668 intermgffse
947 604 1096 668 febris
1110 609 1234 672 origo
1245 610 1396 672 perit.

496 679 592 726 Vos
608 680 751 741 {gitur
764 678 925 740 quibus
937 677 994 738 est
1006 678 1148 742 odiosts
1167 678 1543 744 planeticafibris

359 450 402 463 ⁶

566 750 726 795 Huius
740 747 957 811 ststzpitis
971 753 1176 814 quaerite
1189 752 1339 816 fontis
1351 767 1544 818 aquam.

499 822 617 868 Non
632 833 740 884 opus
755 817 840 881 est
825 831 1000 868 intrare
1006 818 1170 888 smel
1184 839 1289 870 nam
1299 824 1476 872 Balnea
1489 831 1659 887 quanto

565 893 683 956 Qis
696 893 835 955 magis
853 894 1126 956 ingreditur,
1140 897 1232 944 ta'm
1247 899 1388 961 magis
1404 895 1496 960 ipstz
1508 897 1700 944 iuuant.
1767 898 1779 900 “

491 986 596 1056 De
615 988 855 1058 Balneo
878 993 1055 1084 quod
1074 994 1242 1062 Fons
1263 991 1564 1087 Episcopi
1586 994 1822 1063 dicitur
1836 1022 1873 1070 .·

503 1115 723 1178 ‘Nomine
730 1114 841 1179 fons
857 1119 958 1167 talis
975 1119 1158 1176 fruitur
1173 1121 1294 1184 quod
1302 1129 1449 1184 epreat
1464 1122 1611 1184 aegris

574 1187 667 1236 Vel
676 1192 781 1253 quia
799 1193 1029 1258 Pontficis
1045 1195 1172 1258 causta
1184 1201 1385 1258 reportat
1401 1205 1512 1256 opus
1525 1229 1536 1240 .

503 1263 893 1327 Artheticisprofit
910 1299 921 1312 .
939 1265 1058 1313 toHet
1074 1283 1221 1330 genus
1235 1281 1361 1314 omne
1373 1265 1605 1330 podagrae
1620 1300 1635 1316 .

567 1336 622 1381 H
624 1350 711 1380 unc
724 1334 853 1383 babet
865 1348 1100 1401 expertum
1116 1337 1376 1404 pontificale
1399 1338 1532 1386 decus
1544 1373 1557 1385 .

503 1406 570 1454 Et
586 1408 691 1470 quia
708 1407 928 1455 Praelatis
942 1412 1306 1475 requies,requies
1316 1418 1440 1458 nocet
1451 1419 1587 1475 atque
1600 1409 1803 1476 perapsis
1816 1440 1834 1466 2

571 1482 601 1526 I
604 1496 635 1526 n
641 1479 694 1541 ſs
707 1481 918 1547 deficiunt
926 1476 1060 1547 sszepe
1074 1485 1221 1533 dolore
1237 1485 1429 1547 pedum.

511 1551 635 1600 Cum
649 1555 922 1619 constipatur
937 1554 1057 1602 cibus
1070 1556 1388 1606 intercluditur
1400 1558 1528 1605 intus
1544 1593 1557 1607 .

567 1629 598 1673 I
601 1627 685 1674 nde
696 1628 840 1677 dolent
853 1638 1036 1680 ventres
1063 1629 1141 1678 ilia
1157 1629 1275 1692 tenfis
1286 1639 1469 1693 crepant
1482 1664 1496 1679 .

503 1699 741 1763 Pontifices
745 1700 926 1765 fontem
941 1704 1195 1769 perquirite
1209 1700 1540 1766 Pontficalem,

575 1777 618 1821 V
626 1775 716 1822 tilis
731 1773 787 1836 est
799 1775 922 1823 vobis
943 1775 1222 1840 Ponttfi'calis
1234 1789 1354 1839 aqua
1368 1809 1380 1823 .

515 1844 548 1889 Ι
550 1845 751 1911 ηιίιιζςετε
765 1846 868 1894 cibis
882 1864 935 1895 ne
947 1847 1371 1912 digestiuafizttgent

577 1923 707 1983 Qae
722 1920 866 1967 morbi
881 1920 1192 1985 caustzsbepiies
1206 1919 1445 1984 effl’fhlent.

471 2012 576 2082 De
594 2016 835 2084 Balneo
858 2020 1038 2109 quod
1055 2017 1592 2085 Orthodonicum
1617 2014 1880 2083 dicitur.

513 2142 645 2189 Haec
657 2157 775 2206 aqua
787 2144 1004 2191 mirabilis
1021 2143 1284 2205 consumptis
1297 2145 1355 2205 est
1367 2140 1482 2188 bona
1497 2141 1632 2189 valde
1641 2173 1656 2188 .

583 2213 826 2276 Restaurat
839 2230 998 2281 corpus
1006 2218 1184 2282 ficapit
1198 2218 1303 2279 vfies
1317 2231 1459 2280 aquae
1472 2249 1486 2264 .

512 2288 547 2334 S
549 2284 675 2348 ificit
688 2299 940 2340 extremum
949 2288 1294 2354 subtilicorpore
1299 2290 1449 2358 febris

581 2362 735 2413 Intret
749 2378 916 2430 aquam
926 2364 1072 2418 talem,
1071 2364 1205 2428 fisepe
1214 2367 1478 2429 frequentet
1491 2374 1586 2407 eam
1597 2391 1611 2406 .

516 2436 1049 2499 Confbrtatsomacbum
1060 2469 1073 2482 .
1090 2437 1252 2500 naufia
1258 2437 1354 2504 pos
1357 2455 1399 2502 q
1390 2435 1544 2499 ‚fugat
1556 2464 1570 2479 .

582 2508 802 2555 Omnibus
815 2509 1046 2572 ephimeris
1031 2506 1195 2553 valde
1210 2521 1410 2575 paratur
1421 2519 1543 2570 aqua

514 2590 644 2637 Haec
662 2591 811 2628 manet
823 2579 1021 2642 abfionsa
1034 2578 1204 2631 teHuris
1219 2583 1386 2647 limpha
1399 2589 1572 2628 meatu.

578 2658 638 2702 H
637 2667 720 2700 anc
732 2667 821 2699 non
833 2653 991 2700 habere
1006 2657 1133 2714 potes
1147 2654 1303 2716 absque
1314 2652 1458 2700 labore
1472 2650 1646 2717 graui.

517 2730 642 2780 Cum
648 2724 807 2790 flatur
819 2722 1022 2785 australis
1039 2721 1097 2768 ad
1109 2719 1321 2791 limpham
1333 2742 1459 2773 nemo
1468 2724 1727 2789 subintret.

580 2811 731 2873 Nam
742 2804 823 2853 via
833 2803 925 2868 fieb
936 2798 1073 2850 terris
1089 2799 1231 2866 plena
1245 2801 1420 2850 timoris
1432 2800 1559 2848 habet
1573 2836 1587 2850 .

1781 2864 1853 2903 Vos
1865 2860 1972 2912 igitur
