2112 3214
649 159 1130 218 LIBER.
1605 183 1677 227 47

94 270 316 327 cationis
334 265 533 324 causam
554 285 823 327 remouere
837 312 853 336 ,
866 276 917 327 &
937 275 1066 328 inter
1078 289 1305 329 coeteras
1324 275 1420 332 esse
1435 275 1696 334 saluberri-

91 362 203 400 mas
218 385 233 400 .
275 347 412 401 Inter
428 344 720 418 potulentas
735 365 896 419 aquas
916 366 1243 404 numerantur
1260 390 1275 405 .

480 450 858 518 Balneolum
879 497 898 528 ,
917 455 1017 519 vel
1039 428 1260 546 plagae
1279 505 1296 523 .

183 582 482 638 Balneolum
511 580 576 636 ab
603 579 762 634 Elifio
789 583 839 634 in
867 582 1037 636 radice
1065 582 1272 636 Olibani
1302 582 1492 637 montis
1523 621 1540 647 ,
1583 583 1692 656 qua

89 657 337 714 Nesidem
355 657 672 729 protenditur
685 654 869 720 versus>
885 656 1183 712 describitur
1202 681 1214 718 ς
1240 665 1327 708 Sed
1339 672 1467 710 tanta
1481 665 1686 717 virtutis.

78 732 154 790 .&
166 733 369 796 effi'caciae
383 733 474 779 eius
493 728 793 795 praestantia,
821 732 1101 795 vtinfirmus
1124 733 1377 793 nonsblum
1403 751 1571 797 aquam
1595 736 1685 789 ibi,

67 803 164 866 sed
180 806 328 850 Deum
341 800 474 866 adff
493 810 646 863 putet.
677 798 872 866 Caput,
889 797 1224 860 stomachum,
1241 802 1292 851 ὃς
1310 815 1511 854 coetera
1527 818 1688 855 mem·-

91 871 184 927 bra
202 872 493 935 confortat,
526 873 794 926 oculorum
810 872 1047 927 nebulam
1070 874 1246 946 fugat,
1278 875 1602 946 consumptos
1634 881 1686 932 ὃς

92 948 391 1004 debilitatos
407 946 601 1021 reficit{,
620 964 900 1020 quartanae
917 951 1152 1003 cotinuae
1167 953 1217 1002 &
1234 951 1566 1021 quotidianae
1580 971 1688 1006 ma·-

86 1025 266 1078 teriam
285 1024 491 1079 destruit
506 1063 522 1087 ‚
543 1023 570 1077 a
588 1023 850 1077 doloribus
870 1043 930 1077 ex
949 1042 1267 1096 quocunque
1283 1024 1462 1078 morbo
1495 1029 1576 1081 vel
1610 1027 1687 1082 fe-

81 1097 176 1153 bre
214 1098 634 1171 praecedentibus
669 1098 850 1153 liberat
880 1138 893 1152 .
939 1100 1189 1156 Olibanus
1206 1097 1327 1153 vero
1346 1100 1410 1154 ad
1442 1102 1681 1156 Puteolos
1714 1130 1829 1166 Mor„
1847 1125 1969 1168 Oliba-

82 1192 233 1229 mons
254 1177 324 1230 est
341 1195 402 1230 ex
422 1177 667 1246 praedura
682 1174 821 1229 silice
840 1180 861 1241 (
878 1173 992 1229 saxa
1009 1174 1165 1230 hodie
1176 1175 1435 1246 appellant
1449 1180 1469 1240 )
1485 1178 1536 1230 in
1552 1174 1681 1231 sum·
1711 1195 1800 1219 rw·

80 1267 166 1304 ma
184 1254 413 1306 omnium
432 1271 596 1306 rerum
617 1251 873 1305 sterilitate
893 1253 1189 1305 constitutus
1209 1289 1226 1314 ,
1243 1268 1552 1323 quapropter
1566 1291 1582 1317 ,
1599 1253 1680 1296 ἔλυε

79 1324 196 1375 βιίνπ
211 1366 226 1390 ,
243 1345 378 1380 totus
397 1328 570 1380 sterilis
592 1364 607 1388 ,
622 1327 807 1380 dicitur
822 1367 833 1379 .
854 1328 1004 1379 Hunc
1021 1343 1246 1380 montem
1264 1325 1293 1380 a
1309 1328 1444 1382 Caio
1457 1326 1676 1382 excisum

78 1402 147 1456 ad
162 1404 337 1455 Italiae
351 1405 458 1456 vias
476 1401 614 1456 filice
632 1402 923 1456 sternendas
940 1404 1101 1476 aliqui
1124 1403 1360 1456 dixerunt
1375 1440 1394 1466 ,
1420 1420 1536 1457 nam
1551 1405 1678 1460 Sue·
1706 1428 1798 1477 Cap.
1819 1437 1885 1479 3⁷·

80 1481 250 1531 tonius
269 1478 428 1539 dixit5
463 1485 494 1530 I
497 1484 618 1529 αέῖαε
631 1480 760 1528 moles
777 1481 926 1543 mfisto
947 1499 997 1528 ac
1015 1482 1249 1546 profundo
1267 1484 1396 1533 mari,
1416 1486 1514 1529 exci
1533 1499 1581 1528 ae
1591 1500 1672 1530 ru-

69 1569 152 1621 pes
166 1557 529 1621 duriffi'mistlicis
541 1591 551 1611 ‚
567 1560 627 1617 &
645 1559 787 1621 campi
800 1557 1022 1604 montibus
1034 1573 1198 1621 aggere
1213 1560 1415 1621 aequati,
1436 1557 1535 1608 &c.
1567 1554 1674 1610 Eli..

79 1630 282 1684 ciuntur
297 1648 431 1684 nunc
450 1630 567 1685 inde
586 1628 901 1683 Pontonibus
919 1626 1036 1682 saxa
1051 1629 1116 1683 ad
1149 1630 1334 1685 molem
1358 1630 1671 1700 Neapolita-

75 1723 194 1759 nam
211 1705 438 1778 vndique
455 1705 754 1760 firmandam
772 1743 789 1768 ,
806 1723 869 1758 ne
884 1706 1033 1758 maris
1052 1707 1181 1759 aestu
1201 1743 1217 1767 ‚
1247 1709 1298 1759 ἃ
1315 1705 1556 1760 Ηυξὶυυῐη
1572 1707 1671 1762 ime

74 1798 197 1853 petu
209 1779 547 1838 labefadtetur
560 1821 578 1846 2
595 1785 647 1837 δε
665 1781 730 1836 ad
746 1784 853 1835 vias
872 1781 1092 1835 ciuitatis
1107 1781 1393 1836 sternendas
1414 1818 1431 1835 0

728 1886 947 1954 Petrae
969 1935 984 1953 .

155 2014 213 2068 In
229 2029 458 2068 extremo
474 2012 576 2068 hoc
593 2014 762 2069 littore
779 2017 956 2069 Petrae
972 2015 1041 2068 est
1056 2013 1315 2068 lauacrum
1335 2052 1349 2067 .
1381 2010 1464 2067 Ab
1479 2010 1660 2069 effectu

80 2107 269 2144 nomen
286 2091 504 2144 inditum
526 2129 543 2154 2
560 2090 810 2143 calculum
829 2092 962 2143 enim
981 2089 1172 2162 frangit
1185 2127 1202 2152 ,
1230 2092 1281 2143 &
1297 2091 1468 2144 educit
1484 2108 1663 2144 arenu-

76 2165 153 2219 las
173 2205 187 2218 .
235 2168 414 2236 Caput
431 2165 460 2221 31
475 2164 739 2219 doloribus
757 2164 968 2219 liberare
984 2162 1207 2218 scribunt
1221 2202 1238 2227 2
1260 2164 1521 2238 detergere
1536 2183 1662 2219 ocu·

76 2240 157 2294 los
173 2278 189 2303 ,
206 2240 414 2295 auribus
433 2244 662 2295 auditum
683 2242 926 2311 praestare
943 2279 959 2303 ,
977 2241 1184 2293 cordi&
1199 2244 1385 2310 pectori
1401 2242 1661 2310 opitulari.

78 2316 391 2389 Eiusaquae
405 2334 555 2388 potus
577 2319 812 2370 interiora
829 2333 1075 2388 expurgat
1091 2355 1105 2368 .
1136 2314 1343 2370 Nitrosa
1357 2317 1425 2369 est
1439 2357 1451 2368 .
1470 2313 1661 2369 idcirco

75 2391 318 2446 laudatur
332 2393 396 2446 ad
412 2396 633 2447 internas
648 2396 695 2445 ὃς
714 2392 902 2446 calidas
921 2391 1210 2445 affefflones
1229 2389 1446 2460 hepati5‚
1464 2409 1660 2454 renum,

72 2470 199 2522 vteri
217 2505 234 2530 ,
248 2467 446 2522 veficae
460 2507 477 2532 ,
491 2486 547 2523 vt
563 2486 697 2539 aqua
717 2467 1004 2538 portulenta
1022 2505 1040 2529 ,
1071 2469 1121 2520 &
1138 2464 1361 2519 remiffae
1376 2466 1655 2519 admodum

76 2543 386 2607 caliditatis,
409 2547 460 2597 δε
483 2545 806 2597 mediocriter
832 2542 1106 2614 digerentis
1138 2540 1426 2594 facultatis·
1528 2541 1669 2599 ualis

71 2620 226 2672 etiam
250 2617 471 2689 superior
489 2619 677 2691 Plagae
694 2636 830 2690 aqua
851 2656 866 2679 ,
881 2614 1140 2690 Tritulaeg,
1168 2620 1219 2669 &
1237 2618 1365 2669 aliae
1400 2654 1414 2668 .
1458 2613 1654 2669 Idcirco

69 2693 285 2765 represso
305 2712 390 2764 per
406 2695 650 2748 Balneum
669 2710 1005 2764 temperatum
1040 2694 1246 2762 (inquit
1270 2692 1521 2756 Baccius)
1555 2689 1670 2759 fer-q

71 2788 191 2825 uore
204 2768 431 2834 visceris,
461 2768 806 2844 phlegmonae
819 2785 1051 2824 arcentur
1069 2765 1341 2833 ,abscessus
1357 2804 1375 2831 >
1391 2765 1663 2896 caulsone&

1438 2860 1647 2916 araque
