2112 3214
95 252 332 295 Ismeniam

96 309 228 347 Auria.

97 489 314 534 Saiaaedra.

112 1265 268 1305 Comites

113 1321 224 1370 φανῇ.

114 1501 271 1544 comites

113 1556 237 1595 aulici.

398 144 470 190 72
763 120 1613 183 ‘PVTEOLANA

385 241 761 317 Praefeetumq.
787 259 938 318 terga
950 235 1145 298 'vertere
1161 243 1334 314 coegit
1360 279 1377 304 ,
1388 241 1702 296 ‘lannettino
1719 237 1882 296 Auria
1898 258 1995 296 no·-

386 318 636 375 uiffimum
656 318 813 375 claffis
829 339 1016 393 agmen
1032 317 1345 392 insequente,
1362 317 1553 372 Vtcum
1568 315 1664 373 sese
1680 316 1884 372 occafio
1898 317 1994 383 obe

388 395 593 460 tulisset,
611 394 811 470 aliquid
823 397 998 452 damni
1014 395 1241 450 barbaris
1260 392 1485 449 inferret.
1503 392 1783 462 Obijttunc
1805 394 1993 449 Puteo-

388 473 450 529 lis
468 473 782 530 bombardae
800 475 900 528 ictu
917 475 1144 528 strenuus
1162 474 1286 525 Dux
1303 471 1581 526 Sai-auedra
1598 468 1851 542 Hispanus
1867 509 1884 534 ,
1899 472 1993 544 qui

391 552 646 605 maximos
665 550 963 605 Puteolanis
975 551 1155 604 viuens
1173 546 1396 602 faciebat
1410 549 1610 603 animos
1627 585 1644 611 ,
1661 547 1786 604 dum·
1797 543 1995 602 summa

392 627 661 701 vigilantia
677 627 880 681 moenia
896 625 1215 698 perlustraret
1230 664 1244 678 .
1275 627 1423 679 Hanc
1444 627 1579 679 Petri
1592 626 1860 679 victoriam
1877 623 1996 678 dili-

393 700 671 778 gentiffime
686 705 739 758 in
764 696 991 774 sepulcro
1021 716 1309 756 marmoreo
1342 699 1548 774 lculpfit
1577 703 1798 756 Ioannes
1826 700 1997 755 Nola-
2013 727 2016 730 ·

396 798 511 910 nus,
521 779 667 852 quod
681 782 736 835 in
750 780 880 835 Diui
895 777 1068 836 Iacobi
1081 776 1426 853 Hispanorum
1440 778 1566 835 aede
1581 775 1908 853 integerrime
1925 777 1996 834 est

396 873 468 929 po
489 873 616 912 itum
629 896 643 910 .

1003 922 1357 999 Comitiua.

479 1058 632 1113 Plura
649 1055 918 1114 Comi-tum
935 1072 1121 1131 genera
1136 1056 1296 1112 habes
1313 1058 1365 1111 in
1383 1057 1612 1120 Notitia,
1627 1059 1680 1112 &
1694 1056 1833 1128 apud
1847 1050 2001 1110 Iuris-

399 1133 657 1191 consultos
674 1174 689 1187 .
710 1136 820 1206 Qi·
834 1151 1006 1188 tamen
1023 1133 1088 1188 ab
1108 1132 1193 1188 Au
1200 1135 1404 1207 gustort‘r
1420 1135 1670 1187 comitatu
1687 1151 1876 1187 nomen
1892 1148 1998 1186 tra-

401 1228 583 1266 xerunt
609 1249 626 1274 ,
653 1211 705 1264 in
723 1228 943 1283 quorum
960 1210 1076 1264 aula
1089 1213 1239 1282 primi
1255 1210 1449 1263 ordinis
1466 1211 1560 1264 viri
1577 1225 1720 1263 erant
1732 1248 1749 1273 ,
1773 1211 1869 1281 ijq.
1888 1206 1996 1262 for-⁴

401 1286 522 1343 taffe
536 1286 858 1360 Augustales,
877 1288 1013 1340 Hinc
1028 1288 1299 1340 Comitiua
1314 1286 1729 1348 domesticorum,
1745 1282 1999 1339 sacrarum

402 1363 755 1437 largitionum,
772 1365 840 1417 rei
853 1364 1104 1436 priuatae,
1119 1360 1239 1417 sacri
1260 1363 1535 1433 patrimoni
1538 1365 1554 1430 j
1566 1399 1583 1424 ,
1595 1362 1884 1415 {ollemnior
1892 1380 1998 1422 um,

404 1438 754 1495 thesaurorum
771 1476 787 1502 ,
818 1438 1117 1492 horreorum
1131 1477 1148 1502 ,
1176 1436 1464 1492 scholarum
1482 1441 1533 1491 ὃς
1546 1434 1837 1492 huiufino'di
1865 1476 1878 1491 .
1908 1435 1998 1490 Ad

405 1517 629 1571 aulicum
649 1533 863 1588 quoque
877 1513 1122 1568 iudicium
1138 1515 1330 1568 redaCti
1357 1552 1373 1576 ,
1403 1516 1641 1569 Comites
1658 1510 2003 1575 Confistoria«

407 1595 492 1656 ni,
512 1592 577 1646 de
594 1590 782 1664 quibus
800 1592 1095 1662 Spartianus
1111 1593 1163 1644 in
1181 1590 1481 1644 Herodiano
1507 1627 1525 1654 ,
1552 1592 1673 1636 Cum
1687 1589 1932 1641 iudicaret,
1948 1587 2000 1661 ἱζτ

410 1666 578 1732 consilio
595 1666 750 1713 habuit
765 1681 854 1712 non
871 1666 1031 1711 amicos
1041 1664 1152 1727 ficos
1164 1698 1178 1718 ,
1195 1673 1276 1711 aut
1291 1666 1485 1712 Comites
1492 1660 1646 1726 filum
1656 1695 1668 1715 ‚
1670 1661 1756 1722 sed
1765 1659 1999 1721 Iurisconss

123 1741 373 1787 Comitespro-
397 1741 543 1806 fidtos
557 1742 649 1799 ὡς.
667 1730 897 1786 Maxime
914 1729 1036 1786 vero
1053 1732 1117 1786 ad
1133 1732 1511 1804 prouinciarum
1526 1729 1773 1784 iudicium
1790 1767 1804 1781 .
1822 1725 2000 1793 Habes

119 1796 341 1835 nimiarum.

415 1812 570 1864 etiam
586 1810 723 1879 apud
739 1812 968 1863 Graecos
986 1812 1225 1872 τοπάρχσυς
1240 1849 1254 1870 ,
1276 1811 1327 1861 &
1344 1809 1484 1878 apud
1499 1812 1718 1861 Francos
1736 1804 2002 1876 Landgra—

123 1918 171 1955 1„
187 1914 270 1954 vm,
284 1907 384 1950 Veri,
412 1888 546 1941 uios.
566 1885 893 1956 Capitolinus
911 1881 1078 1938 scribit
1093 1899 1181 1935 eos
1199 1882 1458 1947 Comites,
1474 1881 1710 1937 confecto
1724 1879 1881 1942 beno,
1897 1881 2004 1933 Ve-

413 1962 523 2016 rum
538 1964 666 2032 Imp.
682 1958 974 2015 distribuisse
988 1959 1268 2030 prouincijs
1293 1960 1526 2033 regendis
1543 1982 1556 2020 ς
1586 1962 1635 2013 ὃς
1652 1957 1875 2010 Orientis
1892 1957 2005 2010 Co·-

414 2040 561 2092 mites
579 2037 607 2092 a
623 2039 927 2092 Marcellino
944 2052 1406 2090 commemorantur
1422 2076 1435 2089 .
1453 2038 1523 2089 Hi
1537 2032 1764 2106 profecit»
1779 2037 1840 2087 εὖ
1854 2035 2006 2085 Prae-

413 2112 606 2168 fidibus
624 2110 710 2167 sub
729 2113 988 2168 Praefecto
1007 2111 1265 2166 Praetorio
1279 2128 1436 2166 erant.
1452 2110 1632 2184 Ideoq.
1650 2110 1927 2164 Suetonius
1944 2106 2010 2160 de

414 2190 624 2245 Tiberio
641 2228 658 2253 ,
675 2199 841 2243 Caium
859 2195 1046 2257 (inquit
1066 2192 1086 2251 )
1108 2195 1284 2240 Orienti
1299 2193 1554 2256 praeposizii
1565 2226 1576 2246 ‚
1596 2193 1697 2241 :itm
1710 2189 1879 2254 vfindi
1888 2206 2009 2254 gra·

415 2264 482 2311 tia
499 2263 726 2328 traiectffit
742 2265 772 2308 S
777 2277 916 2308 auum
932 2293 941 2311 ‚
968 2258 1221 2305 alieniorem
1229 2258 1444 2319 fibi-sensit
1455 2274 1513 2305 ex
1528 2255 1913 2303 criminationibus
1930 2256 2007 2302 M.

418 2328 543 2392 LOU?
559 2328 745 2377 Comitis
761 2327 820 2384 &⁶
834 2324 1022 2373 '850²'st
1037 2323 1129 2369 eim
1143 2359 1152 2369 ·
1172 2325 1256 2378 Sic
1272 2327 1374 2379 etia
1391 2325 1508 2380 cum
1528 2326 1578 2377 in
1592 2321 1839 2377 Praefeffi
1859 2324 2010 2375 Prae·

419 2405 553 2462 torio
569 2402 847 2475 Illyricano
863 2435 881 2462 ,
910 2395 1174 2454 T'hracias
1190 2439 1207 2464 ,
1238 2404 1460 2455 Pontum
1475 2440 1491 2465 ,
1512 2401 1704 2454 Dacias
1724 2436 1741 2461 ,
1759 2395 1977 2452 Maefias
1994 2434 2011 2459 ,

418 2497 640 2552 totamq.
660 2478 931 2534 Graeciam
949 2474 1181 2547 legamus
1198 2515 1215 2540 ,
1242 2477 1458 2551 legimus
1473 2479 1624 2531 etiam
1640 2473 1775 2546 apud
1790 2472 2010 2526 Marcel-

419 2558 579 2612 linum
598 2594 614 2618 ,
642 2554 905 2609 Comitem
921 2549 1172 2607 Thraciae
1190 2554 1374 2609 Iulium
1389 2592 1406 2616 ,
1435 2555 1527 2625 qui
1544 2551 1731 2606 scilicet
1744 2550 1878 2603 illius
1893 2566 2012 2619 pro-

422 2633 621 2688 uinciae
636 2628 924 2684 Praefectus
943 2643 1049 2681 erat
1064 2664 1081 2689 ,
1107 2631 1211 2703 qua
1227 2630 1353 2685 alius
1369 2629 1683 2684 praetoriani
1697 2624 1907 2700 regebat
1921 2642 2014 2695 po-

423 2711 600 2765 testate
616 2700 1511 2762 PraefefflJ-IuiusmodiComitiuam
1526 2703 1924 2776 Neapolitanam
1939 2697 2017 2753 fa-
2084 2722 2090 2775 g
2107 2725 2112 2732 ·

426 2788 508 2842 cio
524 2785 660 2858 apud
678 2781 1033 2840 Cassiodorum
1051 2818 1068 2844 ‚
1092 2798 1182 2848 qua
1205 2782 1356 2830 ciuilia
1382 2781 1556 2847 negocia
1578 2778 2017 2846 aequicrutinatores
2086 2778 2089 2839 j

1854 2840 2030 2890 exami-
