2112 3214
105 315 185 359 Lib.
195 327 226 359 1.
237 317 346 373 Sila.3
355 350 368 364 ,

104 524 313 579 Lib.3.c.6.

101 768 276 824 'Agrippa-

101 1212 303 1256 Traianus.

104 1467 227 1514 Lib.7.
253 1465 339 1518 epig.

102 1534 124 1573 3
134 1537 169 1570 4·

105 1900 224 1939 Iulius
238 1901 330 1938 Cae-

95 1954 177 2004 sar.

105 2005 187 2046 Lib.
198 2017 234 2056 13
246 2033 254 2042 .
266 2015 319 2056 ep.

103 2060 252 2100 vltima.

108 2242 363 2298 Vespasianus,

110 2360 320 2400 Alexander

109 2417 276 2453 Seuerus.

109 2465 369 2519 Heliogabalus

416 137 506 204 *t'4‘
779 136 1644 204 D3·3ALNEJs

605 249 1050 315 Canaqficlphureis
1066 249 1232 300 Albula
1237 251 1402 317 fhmat
1412 256 1570 322 aquis.

401 319 446 365 ὃ(
460 316 662 372 Statius,
734 319 835 367 Illic
847 316 1116 383 fialphureas
1126 322 1251 385 cupit
1263 320 1429 371 Albula
1443 340 1640 390 mergere
1650 321 1813 372 crines.'

472 389 540 442 Et
556 385 759 444 Albulis
782 389 851 445 ita
869 390 1106 446 Vtebatur
1119 391 1303 447 calidis
1319 390 1580 468 Augustus
1596 432 1614 459 ,
1627 411 1685 451 vt
1698 394 1892 451 Tibure
1903 391 1997 448 ad⁴

397 468 565 521 nestas
583 467 636 520 in
652 466 850 521 Balneis
871 470 1066 523 Romae
1083 467 1386 525 calefaceret
1413 508 1427 524 .
1460 472 1545 525 De
1558 472 1754 526 marino
1769 471 1955 525 balneo
1968 507 1989 532 ‚

396 540 528 597 haec
542 543 735 598 Plinius
763 565 777 603 ς
809 548 1029 595 Medendi
1055 548 1210 595 modus
1223 548 1341 596 idem
1365 550 1425 608 ὠν
1437 551 1628 597 marinis
1643 552 1730 597 erit
1745 565 1858 612 quae
1883 548 1996 597 cale-

379 616 518 681 fiunt
532 618 594 664 ad
606 633 852 666 neruorum
865 616 1053 665 dolores.
1067 618 1111 665 F
1112 620 1398 667 erraminant
1412 618 1732 679 &fi-abiman
1748 618 1873 684 fftq.
1887 633 1992 666 con-

396 682 518 747 tufiz,
533 683 638 730 item
651 693 836 746 corpora
832 681 1022 744 siccant.
1043 685 1151 747 Qa
1163 683 1213 730 de
1226 685 1354 748 σαψ
1359 683 1539 748 frigido
1550 686 1670 731 mari
1680 692 1898 731 vtuntur.

475 746 763 821 Agrippam
781 787 795 813 ‚
824 747 995 803 scribit
1011 751 1119 803 Dio
1139 787 1158 814 ,
1185 751 1373 805 Balnea
1390 750 1551 824 gratis
1565 768 1653 822 per
1667 768 1857 805 annum
1871 749 1994 804 viris

398 823 743 899 mulieribusq.
762 823 1007 879 c6cess1ffe
1019 863 1037 889 ,
1052 829 1105 879 &
1119 827 1328 897 praedia
1343 829 1408 881 ad
1423 826 1525 881 hoc
1541 828 1777 900 Augusto
1795 823 1995 881 tribuis-

397 898 448 955 se
468 939 484 963 ,
503 904 554 954 ὃς
573 918 628 955 vt
641 902 836 973 populo
853 901 1074 973 placeret
1089 939 1106 965 ‚
1137 903 1241 956 clx
1254 923 1304 956 x,
1332 903 1520 957 Balnea
1534 902 1638 958 siue
1653 904 1792 958 lacus
1806 904 1858 956 in
1873 918 1993 973 pro·

399 978 687 1032 uinciarum
702 977 920 1032 formam
937 979 1130 1032 Romae
1145 981 1366 1053 gratuita
1382 977 1660 1051 praebuisse
1684 1017 1701 1043 ,
1730 982 1782 1033 in
1798 976 1992 1052 quibus

396 1054 451 1107 &
466 1050 507 1106 fi
524 1053 691 1107 calida
705 1053 841 1124 prius
868 1052 1290 1126 abluerc‘tsspostea
1305 1071 1361 1109 vt
1374 1058 1402 1112 a
1416 1056 1615 1110 Balneis
1629 1072 1845 1127 corpora
1860 1052 1994 1107 mul-

395 1142 451 1183 ta
467 1126 654 1204 frigida
667 1131 964 1203 stringerent
978 1131 1256 1194 constituit,
1272 1147 1364 1184 nec
1381 1130 1518 1202 prius
1531 1132 1653 1204 vngi
1671 1130 1827 1202 quam
1838 1123 1992 1183 lauiss

396 1201 504 1258 sent
518 1244 532 1259 .
573 1208 822 1260 Traianus
837 1205 1063 1260 moribus
1087 1205 1351 1260 consulens
1369 1206 1535 1260 edicto
1551 1206 1814 1278 prohibuit
1828 1223 1890 1258 ne
1907 1200 1992 1272 ijs-

396 1280 515 1334 dem
533 1281 659 1335 locis
677 1284 771 1336 viri
789 1300 905 1336 cum
922 1282 1215 1336 mulieribus
1233 1283 1460 1336 lauarent
1476 1281 1623 1336 simul
1652 1322 1665 1336 .
1697 1280 1991 1352 Xiphilinus

398 1357 450 1409 in
467 1355 888 1422 Adrian02KaJydp
903 1362 1037 1421 λούειθς
1050 1365 1170 1420 χωρίς
1184 1363 1350 1408 α’λλῆλων
1365 1362 1498 1406 αὐτοῖς
1510 1365 1740 1419 προσὲτεέεν
1766 1359 1832 1410 Et
1845 1358 1996 1427 Spar·-

398 1435 591 1497 tianus,
609 1442 813 1486 Lauacra
835 1450 923 1501 pro
935 1437 1371 1501 fixzhusstparauit
1386 1465 1397 1486 ›
1414 1436 1629 1488 Dixerat
1644 1433 1919 1494 Martialis,

530 1518 620 1564 Sed
638 1518 751 1563 nudi
765 1527 907 1565 tecum
920 1516 1300 1581 iuuenesqfinesq.
1317 1517 1542 1564 lauamur.

447 1592 588 1648 Idem
607 1589 884 1657 Adrianus,
902 1592 1019 1647 ante
1037 1596 1290 1657 octauam,
1305 1592 1397 1647 nifi
1415 1592 1705 1647 valetudine
1718 1590 1993 1655 laboraret,

400 1671 619 1743 publicis
643 1670 842 1723 Balneis
872 1668 1073 1723 admisit
1099 1707 1116 1732 ,
1146 1668 1395 1741 tempusq.
1415 1670 1622 1723 lauandi
1639 1668 1668 1723 a
1684 1669 1892 1723 meridie
1923 1665 1990 1722 ad

403 1745 654 1817 vesperam
677 1747 946 1800 destinauit
960 1764 1066 1817 quo
1084 1748 1260 1816 ripere
1286 1747 1503 1817 prostare
1518 1744 1862 1800 meretricibus
1881 1763 1994 1816 per-

400 1821 613 1876 missum.
634 1820 987 1889 Obijciebatur
1002 1821 1284 1894 aliquando
1299 1820 1440 1894 quod
1459 1820 1662 1892 publice
1679 1841 1794 1875 cum
1814 1822 1989 1874 amicis

399 1899 595 1952 lauaret
612 1936 625 1949 .
649 1899 831 1950 Iulium
851 1894 1123 1952 Caesarem
1137 1898 1349 1951 eandem
1365 1896 1544 1951 horam
1559 1896 1807 1968 prioribus
1821 1895 1993 1949 saecu--

403 1975 462 2028 lis
482 1971 688 2028 seruasse
700 2011 718 2036 ‚
735 1970 1024 2027 obseruauit
1039 1975 1384 2044 Hieronymus
1401 1973 1739 2035 Mercurialis,
1755 1991 1817 2025 ex
1835 1974 1989 2026 Cice-

403 2068 587 2105 cetone
604 2050 694 2121 qui
712 2047 839 2103 haec
856 2046 1055 2108 scribit;
1088 2054 1169 2099 Ille
1193 2055 1333 2114 tertgjs
1349 2052 1668 2099 Saturnalibus
1684 2053 1804 2114 apud
1814 2051 1990 2113 Philip-

393 2137 510 2189 pum
521 2124 581 2169 ad
591 2123 990 2185 horamstptt‘mam
1005 2156 1016 2175 ,
1032 2137 1107 2168 nec
1120 2138 1384 2186 quemquam
1397 2121 1589 2183 admfit‚
1613 2123 1808 2168 rationes
1832 2121 1990 2183 opinor

403 2205 503 2236 cum
515 2187 651 2236 Balbo
665 2204 680 2243 ‚-
692 2188 795 2233 inde
806 2187 1057 2233 ambulauit
1071 2189 1118 2233 in
1132 2188 1280 2234 littore
1296 2220 1308 2240 ‚
1315 2186 1423 2250 post
1434 2188 1591 2233 horam
1606 2187 1811 2233 oflauam
1822 2188 1871 2232 in
1883 2184 1993 2233 Bal-

403 2275 558 2308 neum.
600 2256 747 2308 Titus
765 2251 1098 2325 Vespasianus
1128 2253 1429 2326 plerumque
1443 2255 1495 2307 in
1512 2252 1749 2307 Thermis
1767 2254 1997 2306 admixta.

405 2329 554 2403 plebe
579 2328 775 2385 lauauit
789 2369 804 2382 .
851 2330 1143 2384 Alexander
1158 2332 1372 2384 Seuerus
1387 2330 1577 2384 Balnea
1594 2333 1751 2382 mixta
1768 2326 1998 2382 exhiberi

404 2404 672 2479 prohibuit
699 2445 717 2470 ,
747 2405 894 2477 quod
908 2405 1026 2460 ante
1041 2405 1357 2476 prohibitum
1372 2405 1743 2478 Heliogabalus
1761 2397 1996 2474 permise-

405 2499 502 2546 rat,
516 2484 609 2554 qui
624 2499 889 2553 nunquam
905 2483 954 2534 in
972 2480 1169 2551 piscinis
1185 2482 1411 2544 lauabat,
1423 2479 1516 2533 nisi
1530 2498 1683 2534 croco
1699 2483 1748 2533 δε
1767 2497 1998 2552 vnguen-

405 2560 471 2613 tis
499 2556 652 2612 effent
666 2557 882 2610 infectae
909 2596 925 2609 .
954 2558 1095 2611 Idem
1111 2556 1345 2610 Thermis
1363 2561 1413 2609 ὃ(
1430 2554 1526 2609 suis
1544 2594 1560 2620 ,
1586 2559 1637 2609 &
1655 2572 1881 2609 veterum
1896 2553 1995 2607 fre-

407 2651 623 2706 quenter
638 2652 752 2687 cum
769 2633 962 2703 populo
979 2631 1089 2686 vsus
1107 2634 1175 2686 est
1190 2670 1205 2695 ,
1232 2636 1284 2685 ὃς
1302 2633 1484 2685 aestate
1500 2630 1723 2685 maxime
1739 2669 1756 2694 ,
1770 2629 1998 2684 balneari.

407 2711 541 2764 veste
554 2709 619 2762 ad
634 2710 881 2779 palatium
895 2724 1148 2762 reuertens
1165 2748 1177 2761 .
1191 2711 1308 2760 Hoc
1327 2708 1524 2762 tantum
1542 2706 1763 2761 habebat
1775 2708 1997 2776 Impera-

402 2788 594 2840 torium
608 2822 626 2849 2
660 2784 1068 2860 quodsacernam
1090 2786 1385 2839 coccineam
1402 2783 1689 2857 accipiebat
1705 2822 1718 2836 .
1748 2779 1998 2903 ldenzagl-

1903 2871 1918 2902 ι
1958 2866 1998 2903 it
