2112 3214
420 157 1207 218 HISTORIA.
1569 176 1644 220 υ

0 328 1 335 ,
55 297 233 336 corum
256 275 601 331 Tertullianus
625 270 860 328 describit
877 276 1100 328 actiones
1116 273 1263 327 Circi
1276 271 1491 327 furentis
1507 311 1525 335 ,
1540 273 1652 327 Ca-

0 359 1 362 ’
56 372 182 411 ueae
196 350 478 415 saeuientis,
501 355 552 405 ὃ(
570 353 762 405 Scenae
778 347 1100 404 lasciuientis.
1119 346 1262 402 Alibi
1279 350 1652 420 Scenic032Xy-

57 432 223 491 sticOS,
242 426 516 490 Arenarios
532 429 583 480 in
601 428 663 495 ijs
679 426 881 480 ludetes
897 426 1135 497 appellat.
1161 426 1226 478 Et
1244 427 1520 495 Imperator
1536 423 1651 494 lege

56 523 118 560 v1
136 523 156 556 1
174 524 193 557 1
206 543 220 556 .
238 501 488 566 Circefia,
509 501 822 564 Theatralia‚
839 505 891 554 &
905 500 1189 556 Arenarum
1210 498 1489 571 spectacula
1506 499 1650 553 dicit.

54 578 228 636 Arena
244 597 366 634 vero
383 577 691 633 sternebatur
703 595 770 631 ne
781 575 1038 650 sanguinis
1056 577 1205 648 copia
1219 574 1564 629 foedarentur.

133 657 192 709 ln
208 656 369 710 Circo
386 657 549 725 primo
565 653 686 706 loco
701 655 999 707 venationes
1018 654 1188 706 editae
1216 649 1328 705 sunt
1354 651 1470 706 cum
1485 649 1514 719 a
1529 653 1655 716 Tar-

57 732 242 802 quinio
272 728 439 784 Prisco
455 732 584 783 inter
601 726 922 783 Auentinum
939 732 991 782 &
1007 729 1298 782 Palatinum
1315 726 1471 782 colles
1489 725 1608 793 (vel
1623 723 1654 780 a
1683 733 1947 799 Ciscmpbipn·

58 807 281 861 Romulo
294 822 349 861 vt
362 807 434 859 ait
447 806 722 875 Ciprianus
739 807 762 869 >
780 801 877 858 fuit
895 802 1194 859 aedificatus
1213 843 1227 856 .
1243 806 1418 868 Quare
1432 799 1654 873 Amphi·
1680 793 1936 881 Zssju'dfi‘ffl·

57 880 361 953 theatralem
380 880 550 952 postea
564 881 708 934 Circi
724 883 1049 934 venationem
1068 880 1386 951 appellarunt
1411 917 1428 942 ‚
1457 896 1562 951 qua
1576 879 1655 932 in-

60 972 138 1011 ter
153 955 201 1010 se
217 972 307 1011 aut
322 955 556 1010 homines
577 994 594 1018 ,
608 972 696 1010 aut
711 953 846 1009 ferae
862 954 1145 1030 pugnabat.
1162 958 1314 1026 Qae
1332 954 1438 1008 duo
1454 970 1656 1026 pugna-

56 1050 172 1086 rum
197 1049 381 1105 genera
397 1033 618 1085 Martem
645 1035 697 1084 &
714 1033 939 1085 Dianam
961 1032 1092 1085 dixit
1107 1030 1451 1084 Tertullianus
1479 1069 1496 1093 ‚
1523 1033 1574 1083 δε
1592 1028 1657 1083 de

64 1109 237 1164 Diana
262 1105 646 1178 Amphitheatri
670 1105 897 1178 praeside
923 1105 1103 1160 diserte
1132 1107 1364 1178 loquitur
1390 1103 1659 1160 Cassiodo-

61 1201 146 1237 rus
166 1223 180 1235 .
199 1183 543 1237 Venationem
561 1183 705 1239 Circi
722 1184 924 1238 Dianae
949 1181 1138 1238 sacram
1155 1200 1332 1237 omnes
1352 1179 1618 1237 affirmant.
1686 1188 1922 1248 Libdespea.

60 1257 390 1315 Claudianus
419 1296 439 1322 ,
1685 1241 1789 1293 ²¹¹⁷·5·
1804 1259 1947 1300 “P-4²·

332 1331 733 1390 Amphitheatrali
739 1331 908 1396 faueat
922 1333 1112 1380 Latonia
1130 1344 1332 1397 pompae.

138 1404 241 1458 Sed
255 1406 366 1474 post
393 1401 778 1476 Amphitheatri
805 1405 945 1461 vsum
973 1405 1086 1461 rari)
1105 1409 1155 1460 in
1170 1408 1329 1461 Circo
1346 1407 1655 1461 venationes

56 1476 200 1537 fuere
218 1518 232 1532 .
251 1476 474 1552 Ipsumq.
490 1478 521 1534 a
535 1482 710 1535 Dione
736 1486 953 1538 Κννηγέσιον
967 1485 1037 1537 est
1051 1482 1380 1554 appellatum,
1394 1499 1660 1555 propterea

59 1553 205 1629 qubd
226 1555 292 1609 ad
308 1558 605 1611 venationes
619 1559 791 1629 potius
806 1561 911 1630 qua
927 1559 993 1613 ad
1005 1577 1215 1614 munera
1239 1558 1545 1631 gladiatoria
1561 1557 1660 1612 fuit

57 1634 345 1685 extructum
361 1672 375 1685 .
394 1635 450 1685 In
468 1631 702 1687 Theatris
721 1635 875 1687 etiarn
890 1637 1186 1689 venationes
1203 1637 1372 1690 editae
1383 1635 1622 1708 leguntur
1635 1671 1654 1697 ‚

58 1722 119 1761 vt
135 1708 187 1760 in
205 1708 383 1761 Scauri
403 1708 628 1763 Theatro
643 1708 924 1764 Aedilitate
936 1708 1020 1766 sua
1034 1750 1050 1775 ‚
1070 1715 1121 1765 &
1140 1713 1192 1764 in
1205 1709 1431 1766 Theatro
1449 1711 1626 1782 P6peij
1640 1746 1659 1773 ‚

60 1782 207 1853 quod
225 1800 288 1836 ea
302 1782 366 1836 de
382 1783 527 1838 causa
547 1783 998 1856 Amphitheatrum
1016 1791 1089 1853 (&
1106 1785 1145 1840 fi
1161 1785 1405 1842 mendose
1421 1787 1542 1860 legi,
1564 1795 1658 1858 pro

64 1855 294 1912 Theatro
312 1856 493 1914 scribat
509 1859 707 1931 Lipsius
722 1864 744 1925 )
773 1861 1027 1933 appellare
1043 1864 1234 1917 Plinius
1252 1881 1356 1916 non
1373 1862 1629 1917 dubitauit
1642 1899 1660 1925 ,

65 1934 162 2005 qui
178 1931 309 1987 haec
327 1953 542 2008 quoque
555 1935 742 2000 scribit,
760 1945 847 1990 Sed
860 1951 915 1989 vt
928 1945 978 1989 in
990 1942 1035 1990 T
1037 1943 1189 1990 heatro
1202 1945 1460 1992 venationes
1465 1943 1659 2007 stibindz?
1688 1947 1758 1988 Lib
1771 1954 1838 2002 36.
1848 1962 1948 2002 ως.

68 2009 209 2053 editae
218 2059 224 2063 ἡ
226 2008 315 2063 fint
331 2042 341 2058 ,
352 2011 534 2072 primus
548 2021 696 2058 tam-m
713 2009 914 2056 omnium·
926 2011 951 2054 I
956 2006 1072 2054 ulius
1087 2010 1250 2070 Caesar
1265 2009 1371 2070 Asia
1383 2009 1445 2066 ὠ-
1461 2012 1660 2074 Aegypto

71 2071 250 2117 domitis
264 2072 511 2120 Theatrum
525 2076 759 2121 venationi
782 2074 999 2120 extruxit
1010 2104 1022 2125 ‚
1048 2075 1169 2136 quod
1178 2073 1569 2137 Amphitheatrum
1580 2086 1636 2138 ap
1648 2101 1660 2108 ·

69 2135 303 2198 peHatum,
320 2139 428 2201 quia
433 2139 560 2200 fides
574 2138 730 2203 absqtaee
738 2137 873 2200 fiena
886 2139 934 2184 in
945 2137 1163 2185 ambitum
1173 2139 1363 2187 haberet.
1387 2141 1537 2212 Qae
1549 2159 1661 2196 ver..

66 2206 132 2260 ba
149 2204 436 2277 planissime
453 2209 731 2266 Theatrum
744 2209 809 2266 ab
825 2209 1187 2283 Amphiteatro
1203 2211 1464 2269 secernunt
1477 2255 1494 2280 ,
1510 2219 1662 2289 quip-

61 2280 126 2354 pe
147 2284 199 2335 in
223 2280 448 2338 Theatro
469 2284 613 2341 scena
629 2304 765 2351 erat,
780 2285 1103 2342 Proscenium
1121 2327 1138 2352 ,
1162 2288 1445 2346 Orchestra.
1460 2293 1516 2346 In
1533 2291 1663 2346 Am-

61 2356 356 2429 phitheatro
372 2380 485 2416 area
503 2379 700 2417 tantum
718 2368 895 2436 (quam
912 2365 1128 2419 Circum
1142 2367 1295 2418 etiarn
1313 2366 1475 2440 aliqui
1490 2368 1664 2439 appel-

62 2432 229 2486 larunt
253 2471 269 2495 ,
286 2435 404 2489 hinc
423 2440 565 2492 Circi
584 2443 635 2492 ἃ
651 2437 1029 2509 Amphitheatri
1049 2439 1280 2494 confusio
1297 2445 1318 2506 )
1348 2446 1400 2496 &
1416 2441 1663 2514 speetato-

63 2526 175 2561 rum
196 2505 333 2564 sedes
357 2549 374 2574 9
391 2513 432 2554 ἐκ
447 2515 523 2557 τοῐῖ
542 2515 656 2570 πέριξ
668 2513 916 2572 πανταχόθεν
931 2512 1048 2570 &Spar
1061 2514 1149 2558 αῗνευ
1165 2514 1295 2560 σκῆνης
1308 2514 1413 2574 ἔχειν
1424 2521 1658 2577 προσερῥήθη.

63 2583 129 2636 Et
146 2582 336 2653 duplex
355 2584 637 2640 Theatrum
654 2583 1068 2656 Amphiteatrum
1086 2589 1439 2643 constituebat.
1454 2588 1663 2646 Cassio-

63 2658 222 2712 dorus
241 2680 254 2718 ;
277 2663 379 2706 Hoc
394 2659 440 2706 T
442 2660 496 2706 in·
504 2660 706 2723 potentia
712 2660 981 2724 principalis
1003 2661 1273 2709 diuitiarum
1286 2663 1662 2730 prqfuffiflumine
1692 2651 1812 2703 ως·
1832 2666 1953 2709 ἔΡ-υ·

61 2732 278 2796 cogitauit
297 2730 502 2794 aedsfi'ciiae'
513 2731 632 2796 fieri
642 2766 656 2786 ,
672 2732 796 2780 vnde*
807 2744 941 2797 caput
954 2735 1139 2783 vrbium
1151 2735 1356 2802 potug'ffivc
1369 2770 1382 2790 ‚
1399 2737 1501 2786 citm
1513 2740 1639 2788 Thea
1651 2770 1662 2776 -

58 2795 328 2862 trum‚quod
339 2796 405 2846 esi
423 2795 978 2861 hemisphaeriumssraece*
990 2799 1166 2850 dicatur
1180 2802 1529 2868 Amphitheatri}
1541 2805 1671 2870 qucfi

1127 2867 1165 2915 E
1235 2883 1262 2914 2
1459 2871 1509 2919 in
1521 2886 1670 2920 vnum
