2112 3214
337 123 427 178 Μ
721 88 1560 167 ‘’P-VTEOLANA

342 244 395 280 re
414 263 430 288 ,
451 217 596 296 quasi
612 222 664 276 in
682 220 812 275 locis
827 217 982 273 aridis
999 213 1284 269 collocatae
1299 208 1505 270 fuerint,
1519 206 1572 260 in
1588 202 1849 276 puluerem
1866 215 1944 254 reff-

337 303 594 374 .'diguntur
611 321 623 358 3
639 298 905 351 'coniectae
933 308 1106 347 autem
1136 292 1188 344 in
1208 303 1398 360 aquam
1413 287 1466 337 &
1489 284 1679 335 mixtae
1696 279 1906 352 puluere
1921 312 1939 338 ,

338 374 626 431 >consistunt
648 412 664 437 ,
680 389 840 444 atque
857 367 988 425 adeo
1003 363 1236 440 quandiu
1249 365 1303 416 in
1319 378 1455 433 aqua
1471 355 1601 421 sunt,
1618 351 1946 412 concrescunt

339 449 564 526 magisq.
581 449 863 503 obduratur
879 485 892 498 .
911 446 1080 498 Cnius
1103 443 1172 495 rei
1191 435 1338 495 causa
1353 433 1518 491 afferri
1529 434 1711 506 potest,
1725 428 1869 504 quod
1884 443 1947 481 ea.

336 546 464 600 pars
480 543 614 599 quae
631 525 772 579 arida
786 524 855 577 est
867 558 885 584 ,
916 520 1023 593 igni
1037 534 1252 590 augetur
1266 528 1472 587 propter
1486 526 1696 565 naturae
1711 505 1946 591 fimilituss·

341 601 612 665 „dinem2ab
628 617 748 672 eoq.
768 597 1018 669 frangitur
1033 617 1046 655 ;
1066 591 1150 648 sed
1166 591 1395 647 admixta
1408 606 1462 643 re
1475 586 1706 647 humida,
1715 586 1787 637 ita
1803 578 1946 635 refri-

349 696 582 763 geratur,
593 694 649 733 vt
660 671 928 750 propterea
944 667 1132 726 crescat
1146 707 1164 734 ,
1182 683 1288 742 atq3
1306 666 1519 721 omnino
1535 658 1894 718 consolidetur.
1922 721 1926 725 ‚

999 781 1290 849 Relatim

429 907 683 981 Qamuis
697 902 910 980 physice
924 904 1072 978 loqui
1086 903 1302 959 delestet
1313 941 1333 968 ,
1348 901 1565 958 arbitror
1579 917 1751 957 tamen
1768 902 1913 976 ignes
1927 939 1947 966 ‚

353 986 546 1041 calidas
562 1001 723 1055 aquas
742 1020 759 1047 ‚
787 980 995 1053 sulphur
1012 1020 1029 1045 ,
1057 984 1108 1034 &
1135 980 1365 1035 bitumen
1381 980 1663 1034 Puteolana
1679 1017 1695 1043 ,
1713 995 1870 1051 atque
1884 995 1947 1032 ea

350 1063 557 1133 quaein
574 1061 686 1127 alijs
704 1060 830 1112 Iocis
851 1059 1121 1113 constituta
1135 1072 1398 1111 narrantur
1410 1094 1427 1120 ,
1458 1055 1525 1109 ad
1539 1054 1948 1110 Christianorum

341 1135 509 1197 ,fidem
526 1133 898 1198 confirmanda,
915 1133 979 1188 ad
995 1131 1300 1186 nocentibus
1323 1147 1562 1186 tetrorem
1577 1129 1948 1193 incutiendum,

348 1212 422 1277 *ad
435 1211 787 1266 haereticorum
804 1210 1073 1264 audaciam
1090 1205 1510 1280 compescendam
1526 1210 1826 1283 propagari.
1850 1207 1951 1260 Di-.

353 1287 494 1343 scant
508 1287 675 1342 stolidi
691 1324 708 1350 ,
724 1282 935 1340 obtusae
952 1287 1134 1339 mentis
1152 1283 1383 1339 homines
1404 1322 1421 1347 ,
1438 1286 1698 1358 eruginem
1713 1284 1816 1338 hoc
1831 1285 1952 1356 igne

353 1364 559 1420 tandem
578 1360 859 1434 aliquando
878 1378 1108 1433 purgare.
1125 1359 1338 1415 Discant
1354 1362 1446 1433 qui
1461 1362 1631 1430 prauis
1647 1363 1951 1435 opinionum

354 1438 607 1495 erroribus
624 1438 914 1493 detinentur
930 1475 947 1501 2
970 1436 1155 1491 Inferni
1172 1475 1189 1501 ,
1204 1440 1255 1491 &
1273 1439 1538 1510 Purgatori
1541 1440 1558 1505 j
1574 1437 1721 1510 ignes
1737 1434 1955 1492 confite*-

354 1519 397 1569 ri
413 1553 429 1579 ,
445 1533 579 1587 quos
597 1513 788 1604 vbique
806 1516 952 1568 Deus
967 1515 1219 1567 maximus
1255 1530 1420 1568 rerum
1450 1509 1627 1584 opifex
1652 1512 1952 1568 hominibus
2025 1520 2035 1522 ‘

357 1591 446 1649 obi
449 1594 465 1660 j
472 1593 542 1644 cit
555 1629 572 1654 ‚
588 1606 644 1645 vt
658 1609 688 1643 a
703 1588 968 1662 gehennae
985 1590 1226 1662 angustijs
1239 1592 1290 1643 &
1307 1587 1568 1643 laboribus
1584 1588 1706 1663 loge
1721 1589 1954 1648 studeant

63 1702 277 1739 ‘Daemones
292 1695 329 1733 ἰν,
358 1665 455 1722 effe
469 1668 680 1720 alienos.
722 1668 781 1720 In
797 1666 1019 1720 Vulcani
1033 1668 1164 1719 Foro
1178 1663 1513 1719 daemonibus
1530 1668 1703 1720 vexari
1716 1664 1861 1737 saepe
1878 1682 1956 1719 te—

68 1748 329 1801 Vulcanifhw·
352 1745 548 1798 ⁴stantur
564 1741 866 1797 Sacerdotes
884 1743 1174 1813 Capuccini
1190 1743 1280 1813 qui
1294 1739 1472 1795 aedem
1488 1743 1560 1795 D.
1577 1743 1796 1811 Ianuarij
1812 1745 1957 1796 inco-

67 1808 332 1897 Ξζξιζξεὲἧα,
359 1816 477 1874 lunt
492 1859 505 1873 .
542 1821 715 1872 Voces
732 1833 890 1891 atque
904 1817 1127 1872 vlulatus
1145 1855 1163 1881 ,
1192 1816 1301 1872 tum
1320 1815 1570 1871 terrificos
1599 1836 1763 1872 rerum
1778 1833 1953 1872 motus

68 1913 189 1960 num-ij
213 1910 322 1947 [uue-
356 1895 592 1961 >'exaudiri
608 1890 916 1947 confitentur
932 1933 945 1946 .
973 1891 1213 1965 Appulus
1229 1892 1442 1966 quidam
1455 1895 1653 1947 iuuenis
1669 1896 1760 1965 qui
1773 1894 1962 1963 studijs·

65 1963 155 2055 222²
170 1962 323 2055 ἴξῦθῐθ
357 1970 586 2041 ,Neapoli
604 1987 811 2040 operam
824 1968 981 2022 dabat
994 2007 1010 2032 ,
1027 1989 1059 2021 Χ
1072 1988 1134 2022 XI
1153 1987 1172 2022 1
1191 1988 1211 2022 1
1229 1988 1248 2021 1
1261 2007 1274 2021 .
1292 1987 1480 2023 annum
1498 1988 1674 2042 agens,
1691 1968 1833 2042 quod
1847 1968 1954 2024 fere

143 2028 170 2069 p
228 2041 242 2054 ’
359 2047 425 2101 de
440 2045 537 2099 suis
555 2044 771 2098 fortunis
789 2042 1135 2116 desperauerat
1151 2083 1167 2107 ,
1184 2043 1468 2099 Diabolum
1486 2049 1661 2099 nasius
1675 2084 1692 2109 ,
1718 2048 1826 2100 eius
1841 2065 1955 2100 ver-

361 2121 439 2175 bis
455 2123 631 2175 audies
647 2121 762 2183 fuit,
780 2123 872 2193 qui
887 2121 1057 2174 iuueni
1071 2117 1392 2192 persuaserat,
1409 2137 1464 2174 vt
1484 2119 1828 2194 chirographo
1844 2120 1955 2175 san-

358 2199 517 2270 guine
540 2195 626 2249 suo
643 2194 826 2266 scripto
844 2235 857 2258 ,
892 2194 938 2248 se
957 2212 1122 2249 totum
1139 2198 1246 2249 eius
1263 2198 1498 2266 potestati
1514 2198 1793 2251 deuoueret
1808 2220 1820 2257 3
1838 2195 1958 2252 effe-

359 2277 557 2328 &urum
577 2269 623 2325 se
642 2271 786 2324 breui
800 2288 855 2325 vt
870 2270 1040 2324 amissa
1058 2271 1193 2325 bona
1208 2290 1550 2342 recuperaret.
1594 2272 1839 2326 Amentia
1859 2273 1956 2327 du-

358 2352 467 2403 Ctus
483 2349 700 2409 iuuenis,
717 2345 871 2401 fidem
889 2349 1254 2420 praestigiatori
1270 2346 1537 2409 adhihem,
1559 2346 1959 2421 chirographum

359 2421 551 2494 scripsit
569 2425 621 2475 in
637 2422 860 2477 Vulcani
882 2427 1012 2476 Foro
1037 2461 1054 2486 >
1084 2421 1190 2495 quo
1207 2426 1360 2476 nodtu
1378 2423 1631 2492 profeCms
1646 2422 1812 2478 fuerat
1829 2465 1841 2478 .
1883 2425 1960 2478 Ibi

358 2499 672 2553 daemonum
688 2498 1014 2551 multitudine
1036 2500 1326 2569 perterritus
1347 2536 1363 2561 ,
1379 2500 1706 2569 Capuccinos
1724 2500 1827 2568 adij
1834 2517 1852 2553 t
1870 2538 1888 2567 2
1903 2505 1954 2554 &

357 2593 481 2629 cum
498 2572 733 2640 caenobij
754 2574 1011 2627 Praefecto
1030 2592 1164 2644 quae
1179 2572 1530 2645 fecei·at,quae
1546 2576 1855 2639 acciderant,
1869 2579 1957 2630 co·-

357 2652 646 2703 municaui‘r
667 2689 681 2702 .
702 2649 986 2703 Praefedtus
1002 2652 1174 2703 onmia
1189 2649 1253 2702 ad
1274 2649 1524 2721 Episcopi]
1541 2652 1728 2705 retulit.
1745 2650 1819 2705 At
1834 2653 1954 2722 Epi-

360 2723 543 2798 scopus
560 2725 816 2799 relligioni
840 2742 977 2782 totus
995 2724 1322 2796 incumbens,
1350 2728 1638 2782 Romanum
1655 2724 1956 2783 Pontificem

1840 2821 1954 2858 eam
