2112 3214
462 136 1245 202 HISTORIA.
1555 155 1629 198 79

50 262 256 315 venimus
274 253 478 306 Puteolos
500 287 512 305 ,
540 254 621 301 vbi
647 252 842 300 inuentis
845 248 1082 310 fratribus
1095 247 1245 311 rogati
1247 245 1436 308 finnus,
1461 260 1639 293 manere

49 328 171 391 apud
185 341 250 372 eos
263 323 350 369 dies
363 320 530 384 stptem
549 354 554 366 ἢ
586 319 645 376 &a
661 318 715 373 sic
729 318 936 363 venimus
953 316 1155 361 Romam.
1178 315 1396 369 Catenis
1412 314 1640 367 vinAEmm

50 396 264 452 Paulum
289 393 488 448 Puteoli
501 392 702 447 viderfit
719 429 733 453 ,
752 390 842 462 qui
860 387 1117 441 doctrinae
1131 391 1343 463 eloquio
1358 390 1531 444 omnia
1550 407 1642 444 an·-

52 477 226 543 tiquae
239 471 368 543 legis
385 472 674 543 aenigmata
688 465 805 520 effet
821 462 1084 519 soluturus.

129 551 350 606 Audiuit
367 552 577 605 Paulum
597 548 939 620 praedicarem
959 552 980 613 <
996 566 1102 619 quo
1124 551 1257 603 enim
1274 552 1422 620 pasto
1435 549 1643 623 linguae

56 631 106 682 ἅτ
118 629 286 681 cordis
303 626 543 682 facundia
560 625 878 696 praedicator
893 625 1105 677 eximius
1121 623 1307 696 septem
1324 623 1502 679 diebus
1521 643 1646 678 con-

59 701 277 757 tinuiffet
298 704 350 767 ?)
379 702 621 772 oppidum
639 699 977 752 Puteolanum
1005 737 1022 761 ,
1052 703 1194 754 cuius
1212 717 1355 754 antra
1371 699 1646 756 nobilioria

57 779 264 833 oracula
280 776 433 849 quam
449 776 687 831 fatidicae
703 773 1028 827 mulierculae
1044 773 1269 846 responsa
1285 774 1648 830 resonarunt.0

61 855 238 908 beatos
256 853 495 906 Puteolos
513 890 528 915 ,
554 849 740 924 quibus
770 850 1025 920 quicquid
1055 852 1215 905 Paulo
1243 850 1529 905 Adrumeto
1557 869 1646 922 per

63 929 239 983 Afiam
255 967 269 991 ‚
298 946 385 998 pei·
400 926 633 999 Aegeum
651 964 667 988 >
684 943 770 996 per
782 925 981 978 Italiam
1010 929 1277 999 nauiganti
1294 929 1514 999 contigit
1527 966 1544 990 ,
1573 925 1646 981 se-

63 1021 201 1076 ptem
218 1005 357 1057 dierfi
374 1001 734 1056 consuetudine
750 1000 1203 1055 audiuere.Vidiffe
1219 1000 1648 1075 Augustos2prae-

65 1080 259 1133 clarum
275 1077 392 1140 fuit,
408 1094 458 1131 at
473 1074 861 1150 augustiffimum
882 1074 1201 1131 Christianae
1217 1078 1495 1151 relligionis
1509 1079 1647 1149 prin-

62 1157 225 1226 cipem
242 1150 466 1208 habuisse
480 1172 682 1207 omnem
697 1151 898 1206 excedit
913 1152 1258 1224 amplitudinis
1279 1155 1595 1226 opinionem.

639 1271 701 1337 S.
726 1269 1060 1338 AthemaS.

151 1400 202 1454 A
220 1403 373 1455 Petro
397 1400 625 1473 quodam
644 1401 734 1472 qui
762 1402 827 1454 ad
844 1399 1159 1471 Stephanum
1175 1400 1456 1459 Praesulem
1473 1404 1651 1459 Eccle-

64 1475 166 1532 fiae
183 1476 489 1531 Puteolanae
508 1473 795 1530 huiusmodi
821 1473 988 1530 scribit
1013 1514 1028 1539 a
1063 1479 1110 1522 V
1112 1477 1321 1524 enerabili
1333 1480 1469 1526 Patri
1481 1479 1651 1540 &stm-

68 1542 162 1598 Hae
179 1549 444 1597 Puteolanas
459 1553 524 1596 Ec
540 1549 662 1613 -Jstae
673 1548 818 1596 inclito
830 1550 1027 1609 Praaficli
1043 1546 1237 1595 Domino
1262 1549 1486 1610 Stephano
1512 1582 1524 1603 ,
1546 1549 1654 1595 '‘Pe-

0 1662 1 1667 ,
68 1628 168 1667 trus
197 1625 248 1673 δε
266 1638 400 1690 quae
415 1615 683 1691 sequutus,
698 1617 974 1675 Arthemae
989 1619 1218 1674 scribitur
1232 1620 1383 1692 paffio
1401 1641 1556 1696 quam
1574 1624 1653 1675 in-

0 1725 1 1733 *
71 1694 351 1767 composite
368 1696 555 1749 editam
572 1698 707 1766 prius
722 1693 902 1759 asserit,
918 1700 969 1749 &
987 1694 1233 1765 Stephani
1249 1696 1457 1752 hortatu
1478 1699 1526 1753 al
1544 1697 1653 1751 cul-

0 1828 1 1834 *
70 1773 251 1824 tiorem
268 1770 332 1823 ab
347 1767 453 1840 ipso
468 1771 580 1824 stilo
594 1769 844 1825 redaemm
860 1810 877 1835 ,
903 1772 1063 1825 veluti
1083 1769 1386 1826 Ambrosius
1405 1776 1456 1827 S.
1474 1773 1653 1846 Agne-

0 1846 2 1900 ζ
70 1847 134 1900 tis
150 1884 166 1905 ,
197 1850 247 1899 &
263 1845 521 1915 Aupertus
552 1848 602 1899 S.
620 1850 924 1900 Fortunatae
941 1847 1076 1921 gesta
1092 1849 1286 1917 puriori
1313 1847 1651 1902 ecclesiastico

71 1921 315 1993 dogmate
341 1918 734 1990 conscripserunt
760 1962 774 1975 .
802 1924 1074 1976 Seruantur
1085 1920 1422 1994 manuscripta
1437 1924 1652 1995 Longo-

69 1994 239 2050 bardis
255 1997 409 2051 literis
437 1995 467 2050 a
491 1996 885 2051 Bartholomaeo
902 1996 1264 2051 Chioccarello
1281 2037 1294 2051 .
1337 2000 1436 2052 Hic
1461 1998 1653 2052 Arthe-

1 2071 4 2116 ἱ
72 2089 181 2125 mas
201 2070 359 2123 nobili
377 2089 558 2142 genere
573 2089 741 2135 natm,
758 2071 1104 2146 Cathigentae
1118 2070 1448 2127 saecularium
1461 2075 1656 2127 littera-

2 2153 5 2215 ξ
75 2164 186 2200 rum
204 2149 544 2216 praeceptoris
562 2147 762 2203 auditor
773 2185 790 2210 ,
818 2147 934 2202 cum
948 2149 1159 2202 coeteris
1172 2151 1342 2218 pueris
1355 2148 1424 2203 ob
1436 2148 1659 2221 fingula·

72 2239 180 2276 rem
196 2221 420 2274 indolem
450 2219 477 2274 ὲ
503 2238 825 2293 praeceptore
852 2222 1167 2294 praepositus
1198 2222 1317 2277 effet
1342 2243 1401 2278 ea
1417 2224 1657 2278 dociurus

75 2314 210 2367 quae
225 2293 327 2367 ipse
342 2297 589 2350 didicerat
602 2335 620 2359 ‚
649 2316 752 2351 non
770 2298 965 2353 tantum
983 2298 1202 2352 docebat
1215 2317 1349 2371 quae
1365 2298 1395 2354 a
1409 2299 1657 2354 Christia-

3 2366 7 2424 ἓ
71 2374 149 2426 nis
166 2370 454 2441 parentibus
470 2369 571 2442 ipse
586 2371 824 2430 audiebat
836 2412 853 2437 ,
869 2371 1185 2428 sanctissimae
1200 2374 1469 2445 praecipue
1492 2375 1658 2429 Trini-

0 2463 7 2521 l}
75 2448 192 2499 tatis
207 2448 622 2518 mysterium2quo
636 2465 905 2518 puerorum
922 2450 1120 2503 animos
1137 2447 1360 2504 imbuere
1374 2449 1658 2503 laborabat.

76 2521 142 2574 Et
155 2519 270 2574 cum
287 2519 605 2593 Cathigenta
626 2523 655 2579 a
683 2523 971 2579 Christiana
988 2525 1256 2597 relligione
1286 2544 1402 2579 eum
1419 2541 1660 2579 reuocare

76 2597 328 2666 nequiret,
341 2599 392 2652 &
410 2596 475 2649 ad
494 2595 777 2651 Praefidem
791 2599 842 2655 id
855 2598 1122 2662 detulisset,
1137 2618 1200 2653 eo
1216 2598 1285 2653 fic
1307 2599 1530 2664 iubente,
1544 2617 1661 2673 gra-

1 2664 8 2721 ξ
76 2669 210 2742 phijs
240 2675 261 2735 <
276 2671 432 2743 gladij
450 2670 595 2725 ferrei
610 2669 719 2726 sunt
734 2673 921 2745 quibus
935 2673 1196 2728 scribendo
1213 2674 1517 2740 vtebantur)
1537 2694 1661 2747 pue*

78 2764 188 2799 rum
213 2747 298 2815 alij
326 2747 469 2817 pueri
494 2749 788 2803 occiderunt
807 2790 821 2802 .
853 2752 929 2805 Ex
947 2751 1087 2804 cuius
1101 2753 1328 2823 martyrij
1347 2753 1626 2806 constantia
1643 2789 1660 2814 ,

8 2823 10 2849 ÷
1511 2827 1658 2879 multi
