2112 3214
426 175 513 228 56
807 161 963 219 DE
1056 159 1669 219 BALNEIS

422 274 703 334 Cornelius
721 272 902 332 Celsus
920 275 983 333 de
1001 291 1064 331 eo
1079 271 1151 330 fic
1166 274 1424 347 loquitur3
1441 276 1597 327 Sudor
1606 277 1705 327 eius
1728 276 1904 326 duobus
1924 287 2019 324 mo·

422 353 494 403 dis
514 353 690 400 elicitur
700 382 715 404 ‚
731 350 939 411 autstcco
951 352 1091 397 calore
1103 381 1114 403 ‚
1130 359 1212 396 aut
1223 348 1398 396 ‘Balnea
1413 382 1424 396 .
1464 349 1617 396 Siccus
1626 348 1744 396 calor
1754 347 1813 410 cst
1823 378 1836 400 ‚
1849 347 1910 406 (ὃν
1921 361 2022 393 arc·

422 432 507 466 nae
519 413 686 464 calidae
698 448 710 469 ‚
727 415 789 473 ὠ·
802 416 1007 462 Laconici
1022 446 1033 468 ,
1046 414 1230 463 Clibam‘
1242 445 1254 467 ,
1270 413 1330 471 ὠ·
1342 414 1634 479 quarundam
1645 413 1927 461 naturalium
1931 409 2018 473 fia·

422 483 625 530 dationes
640 511 650 532 ‚
678 480 759 528 vbi
771 479 794 527 ὲ
806 488 932 526 terra
948 478 1161 546 profuſsn
1183 478 1354 527 calidus
1369 491 1515 543 vapor
1527 477 1723 542 aedficio
1736 478 1991 525 includitur
2001 509 2017 531 ,

402 553 530 619 ficut
538 551 679 613 fitper
692 552 831 599 Baias
845 554 895 597 in
910 552 1156 600 mirtetis
1167 550 1376 598 babemus
1389 584 1401 597 .
1435 542 1792 620 Qamobrem
1809 545 2019 600 Mirt'eta

422 625 490 683 ad
503 624 759 681 Tritulum
774 620 919 678 fuiffe
940 621 1148 678 dicunt.
1175 622 1351 678 Balnei
1365 639 1535 679 tamen
1551 622 1725 677 locum
1755 621 1959 694 penitus
1975 622 2020 674 i·-

421 720 701 779 gnoramus
719 739 734 756 .
763 701 878 773 qu.
895 699 1095 755 tantum
1114 697 1295 754 scimus
1311 699 1461 773 quod
1473 699 1767 755 Vittruuius
1784 733 1802 762 ‚
1817 699 1870 752 δε
1887 695 2019 751 Cel-

419 778 502 836 sus
518 775 750 850 scripsere
766 814 781 831 .
810 774 975 851 Qafi
991 792 1264 832 mortetum
1280 776 1519 832 dixerunt
1533 813 1551 840 ,
1563 794 1656 849 pro
1671 771 1868 830 fimesta
1883 771 2019 828 mixti

419 853 796 931 significatione
825 892 841 909 .
883 851 1153 928 Omnibus}
1166 870 1339 910 tamen
1355 855 1520 930 aegris
1532 853 1797 910 lauacrum
1812 865 1920 907 erat
1932 850 2012 903 in-

460 930 583 987 isum

419 949 455 989 u
596 967 850 1067 'Sulphura
864 1005 1103 1071 contempti
1114 1037 1128 1060 ,
1138 1005 1271 1053 vicus
1282 1005 1430 1070 gemit
1440 1004 1627 1053 inuidus
1638 1004 1785 1069 aegrt's
1797 1036 1811 1051 .

418 1077 610 1136 Morbo
628 1078 836 1135 Gallico
850 1076 1202 1144 laborantibus
1229 1078 1504 1152 plurimum
1520 1077 1719 1152 prodest
1734 1114 1751 1141 ‚
1780 1093 1938 1151 atque
1954 1074 2016 1143 ijs

416 1159 510 1231 qui
526 1156 704 1229 capitis
723 1155 1032 1211 fluxionibus
1049 1153 1335 1211 afficiuntur
1349 1196 1363 1210 .
1392 1152 1899 1227 Viri8‚mulieribusq.
1916 1153 2014 1206 sta-

415 1236 481 1290 tis
499 1232 641 1287 horis
656 1230 801 1287 Iocus
818 1233 971 1288 datur
985 1272 997 1288 .
1032 1235 1181 1288 quat
1193 1231 1426 1288 sudantes
1441 1232 1675 1305 colloqui
1689 1245 1847 1303 atque
1863 1245 2015 1284 cane-

413 1327 499 1376 re,
526 1308 650 1365 dum
664 1310 848 1365 caloris
865 1309 1118 1365 molestias
1146 1307 1347 1365 blandis
1365 1307 1676 1364 sermonibus
1694 1307 1904 1361 muleire
1927 1323 2017 1359 co-

413 1404 695 1444 conantur.
724 1387 938 1460 Qique
951 1386 1166 1442 dimidia
1181 1386 1306 1440 hora
1322 1383 1609 1448 sudauerit‚
1638 1384 1868 1440 strenuus
1896 1400 2015 1455 pro-

414 1462 551 1520 festo
567 1466 633 1520 ad
661 1483 774 1519 eam
804 1481 910 1518 rem
938 1461 1158 1518 habetur
1181 1502 1195 1517 .
1242 1464 1427 1518 Trituli
1458 1463 1673 1518 Balneas
1696 1461 1866 1516 Diuus
1883 1461 2009 1515 Hie-

415 1558 663 1617 ronymus
701 1539 871 1596 viduis
910 1577 928 1604 ,
983 1537 1372 1615 virgimbusque
1412 1538 1718 1595 Christianis
1770 1535 2008 1593 vitandas

415 1618 689 1674 admonuit
748 1655 764 1673 .
835 1618 1084 1671 Omnium
1114 1617 1420 1674 Balnearum
1448 1617 1660 1673 virtutes
1698 1613 1889 1670 habere
1927 1613 2009 1669 di·

415 1707 630 1751 cuntur.

897 1802 1126 1896 Aquae
1161 1805 1219 1872 S.
1244 1807 1540 1901 Georgij.

490 1920 660 1976 Hqus
675 1921 896 1976 nominiS
913 1939 1076 1995 aquas
1094 1923 1159 1976 ad
1176 1924 1430 1980 Ducciam
1448 1927 1763 1981 comemorat
1775 1921 2013 1990 Βεροίας,

415 1993 599 2050 strenui
618 2014 679 2051 ac
708 1998 834 2050 Diui
863 1999 1038 2052 militis
1067 2002 1276 2054 nomine
1288 1996 1586 2075 infignitaS,
1619 2018 1755 2076 quae
1772 2001 1837 2055 ad
1854 1999 2010 2055 foeda

415 2073 586 2127 Vlcera
606 2070 917 2144 persananda
934 2073 1126 2128 habent
1142 2074 1442 2132 facultatem
1471 2116 1485 2132 .
1527 2083 1705 2133 Ferrea
1719 2116 1735 2142 ‚
1749 2094 1908 2149 atque
1925 2095 2011 2132 ae-

414 2165 471 2203 ra
501 2151 696 2203 minera
725 2151 894 2207 nostra
916 2150 1047 2205 haec
1061 2167 1197 2225 aqua
1213 2152 1401 2208 nitrosa
1416 2172 1631 2228 quoque
1657 2157 1727 2209 est
1743 2193 1759 2218 ,
1786 2154 2011 2225 lapidem
2070 2152 2075 2154 ’

415 2223 692 2300 frangens,
724 2225 791 2279 ad
820 2222 1010 2282 ferrum
1038 2225 1067 2281 ὲ
1102 2246 1314 2299 corpore
1330 2231 1641 2287 eliciendum
1667 2228 2009 2286 admirabili&

418 2301 520 2355 Sed
538 2304 784 2373 quoniam
801 2299 1125 2358 subterranna
1140 2304 1208 2360 est
1219 2341 1237 2371 ,
1254 2305 1400 2382 quasi
1414 2312 1467 2368 ’Φ
1482 2308 1575 2375 νεῖ,
1616 2309 1831 2383 Georgij
1849 2308 2018 2363 nomi-

417 2393 592 2433 natam
608 2416 625 2443 ,
641 2376 900 2451 ahquibus
915 2381 1086 2453 placet
1101 2418 1117 2436 .

1092 2505 1329 2600 Pugilli
1348 2562 1364 2578 .

459 2714 470 2726 ·
495 2636 732 2726 Nitrosas
750 2638 899 2699 hasce
910 2660 1075 2718 aquas
1093 2645 1187 2702 effe
1200 2644 1382 2704 scimus
1399 2685 1415 2714 ,
1430 2648 1752 2724 eandemque
1768 2664 1884 2704 cum
1898 2661 2019 2718 pro-

418 2731 571 2770 x1m1s
587 2716 775 2775 habere
788 2738 1019 2798 naturam
1033 2760 1048 2777 .
1093 2725 1299 2780 Ventris
1330 2723 1635 2783 solutionem
1664 2720 2018 2799 comptscunt2

418 2794 471 2846 δε
488 2788 930 2854 hemorroidarum
955 2799 1140 2858 fluores
1156 2836 1176 2868 2
1203 2800 1456 2872 calidum,
1485 2803 2026 2881 aeremqueineempe-

1889 2898 2018 2941 nem
