2112 3214
432 831 1936 934 Hyperocus‚Me1an0pus‚Heraclides28trato-
1976 828 1979 829 ⁷

571 936 1123 1032 nicus2scriptores
1146 943 1448 1021 Cumani,
1467 939 1798 1010 Celbidas.

422 1084 694 1143 Pausanias
712 1088 764 1141 in
779 1086 1017 1144 Phocicis
1035 1088 1100 1145 de
1115 1091 1358 1145 Cumana
1375 1089 1573 1163 Sibylla
1588 1089 1827 1162 loquenS,
1843 1105 1979 1162 quae

381 1165 566 1221 Cumis
585 1166 636 1218 in
654 1165 831 1236 Opicis
849 1167 1049 1230 erat2ait
1064 1185 1176 1221 eam
1194 1165 1291 1221 esse
1305 1167 1612 1239 appellatam
1633 1170 1766 1224 Animi,
1784 1163 1849 1218 ab
1865 1168 1980 1238 Hy-

379 1258 570 1314 peroco
588 1243 830 1296 Cumano
847 1282 860 1295 .
878 1244 996 1297 Post
1016 1243 1235 1297 Olenem
1254 1244 1470 1317 Lycium
1488 1260 1642 1314 quem
1660 1240 1912 1313 hymnum
1925 1242 1979 1294 in

379 1315 671 1371 Achaeiam
685 1316 854 1372 fecisse
866 1315 1037 1373 scribit
1066 1319 1201 1374 idem
1218 1318 1490 1374 Pausanias
1507 1323 1560 1372 in
1574 1318 1761 1372 Eliacis
1779 1354 1796 1379 ,
1814 1313 1979 1370 afferit

378 1394 716 1464 Menalopum
734 1396 1032 1449 Cumanum
1050 1398 1307 1451 canticum
1328 1399 1380 1450 in
1411 1398 1549 1467 Opin
1573 1398 1624 1448 &
1655 1396 1978 1465 Heca'e'rgcm

375 1468 662 1525 decantasse
677 1509 692 1534 ‚
714 1489 843 1544 quas
859 1471 925 1526 ab
946 1471 1291 1546 Hyperboreis
1307 1470 1492 1528 venisse
1507 1470 1797 1525 testabatur.
1817 1472 1980 1523 Hera-

377 1546 564 1602 clidem
579 1549 873 1602 Cumanum
890 1548 978 1601 lib.
994 1568 1047 1618 4.
1079 1566 1450 1604 commemorat
1467 1546 1764 1601 Athenaeus
1786 1583 1803 1608 ,
1820 1563 1977 1618 quem

378 1621 575 1678 Persica
594 1620 932 1695 conscripsisse
949 1624 1073 1678 dicit
1089 1660 1105 1688 ,
1132 1629 1184 1679 &
1214 1624 1402 1679 librum
1418 1622 1689 1696 praecipue
1721 1636 1979 1681 Παρασκευα-

379 1708 510 1751 ι-ικῶν.
528 1701 895 1764 Stratonicum,
913 1703 1003 1773 qui
1023 1700 1272 1773 Sibyllina
1290 1705 1513 1755 carmina
1533 1719 1646 1753 com
1652 1700 1849 1771 pilauit‚
1867 1701 1978 1753 Cu-

373 1795 583 1831 manum
600 1794 815 1848 quoque
833 1776 977 1830 fnisse
993 1779 1307 1845 tradunt‚alij
1326 1777 1446 1832 vero
1462 1774 1766 1848 Episcopum
1782 1777 1979 1828 Cuma-

373 1871 496 1907 num
513 1852 655 1907 fuiffe
671 1851 892 1906 scribunt
921 1893 935 1906 .
967 1855 1159 1908 Tritiae
1188 1855 1326 1907 vrbis
1357 1857 1408 1908 in
1429 1854 1629 1908 Achaia
1656 1852 1975 1905 conditorem

371 1929 579 1984 aiebant
601 1927 878 1983 Celbidam
894 1967 910 1992 ,
946 1930 1148 2002 illumq.
1168 1928 1196 1984 ὲ
1212 1932 1399 1986 Cumis
1429 1932 1624 2002 Opicae
1639 1944 1799 1983 terrae
1817 1924 1977 1983 venis-

375 2003 425 2062 se
444 2046 458 2062 .
479 2006 621 2062 Idem
641 2002 911 2061 Pausanias
927 2008 978 2060 in
998 2005 1263 2061 Achaicis.

1018 2118 1340 2212 Prodigia.

449 2237 606 2303 Anno
626 2238 690 2295 ab
709 2241 776 2294 V.
794 2240 860 2305 C,
897 2259 995 2312 542
1008 2282 1021 2295 .
1059 2260 1176 2295 cum
1193 2261 1364 2297 murus
1381 2237 1640 2315 turresque
1655 2244 1706 2296 ὃ(
1725 2238 1982 2314 quaedam

372 2316 478 2373 alia
495 2319 679 2372 Cumis
698 2315 996 2371 fulminibus
1016 2320 1111 2373 ieta
1129 2316 1331 2373 fuissent
1347 2357 1363 2382 ,
1379 2322 1430 2373 δε
1447 2323 1646 2389 penitus
1663 2315 1860 2372 decussa
1878 2314 1982 2383 (fic

373 2391 545 2448 scribit
567 2394 722 2448 Iulius
740 2390 1039 2465 Obsequens
1059 2399 1080 2459 >
1101 2394 1328 2449 Annibal
1343 2395 1636 2466 proditione
1658 2397 1883 2448 Tarentu
1901 2410 1983 2447 ce-

371 2473 448 2542 pit
463 2511 476 2523 .
498 2470 803 2524 Samnitium
821 2488 970 2542 agros
992 2473 1210 2525 Romani
1227 2473 1480 2525 vastarunt
1499 2511 1512 2524 .
1545 2472 1730 2542 Capua
1745 2469 1773 2523 a
1790 2472 1981 2523 Roma-

373 2548 452 2600 nis
468 2543 656 2599 obsessa
671 2549 722 2599 8<
741 2563 889 2616 capta
907 2586 920 2599 .
954 2546 1164 2600 Publius
1185 2551 1235 2600 ὃς
1254 2549 1430 2602 Cneus
1450 2549 1712 2617 Scipiones
1729 2549 1777 2599 in
1797 2543 1977 2615 Hispa-

372 2624 457 2676 nia
473 2620 626 2676 occifi
646 2621 673 2673 s
668 2639 781 2675 unt.
819 2622 957 2676 Cum
976 2622 1161 2676 deinde
1175 2622 1366 2677 ibidem
1385 2640 1521 2676 anno
1545 2640 1642 2690 552
1655 2663 1667 2676 .
1689 2622 1822 2676 Solis
1840 2620 1977 2674 orbis

373 2700 536 2751 minui
554 2695 684 2752 visus
703 2697 868 2752 fuiffet
884 2737 899 2762 ,
918 2698 1172 2771 Claudius
1191 2696 1385 2753 Consul
1403 2698 1725 2771 naufragium
1743 2697 1879 2751 fecit.
1896 2699 1980 2749 ln-

376 2773 555 2828 cendia
573 2772 683 2828 sunt
696 2779 936 2830 excitata.
985 2773 1260 2846 QFabius
1278 2777 1537 2830 Maximus
1553 2775 1685 2846 obijt
1700 2814 1714 2828 .
1733 2775 1978 2827 Vermina

1730 2849 1969 2912 '‘Siphacis
