2112 3214
467 139 527 195 H
594 112 724 194 rs
782 131 832 191 τ
897 135 939 189 ο
1005 130 1048 190 R
1120 132 1292 190 IA.·
1579 83 1726 194 14²5*

95 244 370 317 miserat2vt
383 248 657 321 Imperium
670 247 765 304 sibi
782 248 1358 324 quaererenOptimates
1375 243 1700 300 occasionem
1734 259 1737 262 ⁴

98 326 231 378 naeti
248 339 304 378 vt
319 322 699 382 Aristodemum
717 327 1005 400 perderent,
1020 324 1222 380 duobus
1236 322 1460 377 millibus
1481 324 1699 376 militum

97 398 505 475 praeficiundum
522 422 759 459 curarunt
789 444 806 469 ,
831 402 901 459 fic
930 405 1066 458 enim
1083 402 1225 455 illum
1243 398 1378 472 poffe
1391 399 1700 453 occumbere

100 475 474 563 arbitrabantur
505 522 518 536 .
551 484 660 555 Qi
674 499 846 536 tamen
864 480 1042 536 selecta
1059 481 1416 533 Cumanorum
1439 494 1594 530 manu
1623 472 1701 528 so-

99 556 165 623 cij
173 572 193 606 s
211 557 474 612 victoriam
492 559 706 631 adeptus
723 559 792 612 est
817 595 834 621 ,
860 557 1082 629 multaq.
1099 574 1163 609 ex
1182 573 1240 609 ea
1254 570 1426 626 pugna
1442 551 1701 624 praeclara

96 630 635 702 praedaemonumeta
650 634 931 706 reportauir
943 673 957 687 .
976 633 1100 686 Inde
1126 632 1305 685 odium
1318 629 1411 684 sibi
1428 628 1566 700 apud
1582 626 1698 681 suos

98 707 170 761 est
183 711 516 767 concitatum.
535 711 637 767 Sed
647 726 705 767 vt
719 729 926 765 ornnem
939 706 1200 763 fortunam
1214 705 1484 779 superaret,
1501 721 1696 758 conuo-

12 856 18 860 ἢ
98 785 203 838 cari
219 786 461 843 Senatum
478 785 606 843 iuffir
618 826 634 852 ‚
650 804 706 844 vt
722 805 860 860 quae
873 786 1010 860 gesta
1028 781 1182 840 effent
1198 784 1492 856 explicaret,
1506 785 1559 835 <Sc
1576 798 1717 834 con-⁴

101 860 369 918 iurationis
396 861 545 936 socijs
561 863 806 919 adhibitis
822 902 840 927 ‚
863 881 982 917 cum
999 860 1219 933 primum
1245 861 1310 916 de
1337 858 1618 929 Republica
1646 859 1700 911 ὃς

100 934 239 993 bello
255 942 341 1014 agi
368 959 606 1014 coeptum
623 943 693 996 est
709 980 726 1005 ,
752 939 972 1011 irrupere
991 936 1135 993 ficari
1138 942 1154 1007 j
1175 976 1193 1000 ‚
1223 939 1315 1009 qui
1332 935 1618 1006 Optimates
1632 932 1702 987 ad
1718 951 1719 954 ¹

101 1030 258 1069 vnum
275 1018 613 1090 iugularunt„
644 1022 792 1073 Tunc
806 1012 980 1071 solutis
1003 1032 1066 1069 ex
1082 1014 1300 1069 vinculis
1318 1014 1381 1081 ijs
1410 1014 1502 1083 qui
1533 1011 1703 1082 capite
1718 1039 1722 1041 Δ

99 1088 330 1148 damnati
344 1112 507 1170 erant,
520 1099 573 1150 ὃς
587 1092 807 1149 Etruscis
824 1091 1096 1147 iuuenibus
1117 1090 1333 1161 captiuis
1347 1087 1413 1142 ad
1431 1084 1503 1140 sui
1520 1104 1706 1158 corpo-

95 1167 165 1220 ris
183 1169 464 1226 custodiam
479 1172 759 1226 constitutis
773 1205 789 1233 ,
804 1167 983 1222 habita
998 1166 1064 1221 ad
1076 1166 1325 1239 populum
1340 1165 1591 1218 concione
1605 1200 1623 1226 ,
1640 1162 1705 1218 de

101 1241 392 1302 diuidendis
409 1248 576 1321 agris,
595 1251 646 1303 ὃς
660 1248 725 1302 de
738 1243 982 1300 soluendo
999 1262 1112 1299 aere
1128 1244 1296 1297 alieno
1321 1242 1540 1312 primurn
1557 1240 1667 1312 egit
1687 1274 1705 1301 ‚

101 1319 293 1392 quibus
307 1324 632 1396 popularium
648 1325 847 1379 animos
865 1323 934 1376 est
951 1336 1254 1391 aucupatus,
1273 1332 1432 1390 atque
1446 1314 1708 1372 huiusmo-

13 1467 23 1470 -
99 1395 158 1451 di
182 1399 522 1456 annuentibus
551 1403 615 1472 ijs
634 1439 650 1464 ‚
671 1401 956 1472 principem
973 1398 1195 1452 ciuitatis
1209 1396 1382 1449 locum
1399 1393 1627 1448 obtinuit
1643 1430 1658 1446 .

105 1470 272 1530 Arm-a
285 1478 338 1531 in
353 1475 588 1533 Deorum
608 1477 810 1549 templis
828 1475 1018 1548 deponi
1034 1472 1268 1528 hortatur
1284 1469 1481 1542 &persu
1489 1467 1708 1533 adet2fa-

106 1549 213 1606 cile-
224 1552 343 1609 inde
356 1554 499 1631 poffe
515 1574 576 1611 ea
589 1555 754 1627 repeti
765 1551 806 1608 fi
821 1550 1033 1626 quando
1047 1568 1177 1621 opus
1195 1547 1331 1604 esset.
1349 1546 1508 1621 Qod
1524 1544 1564 1600 fi
1578 1542 1709 1618 quid

102 1642 365 1684 armorum
378 1630 842 1705 aliquisocculeret
867 1665 884 1693 2
912 1631 965 1684 in
989 1644 1052 1682 eo
1067 1626 1250 1681 scelere
1277 1624 1454 1681 contra
1482 1622 1707 1679 edietum

103 1705 517 1777 comprehensus,
533 1707 673 1763 illico
688 1703 1092 1762 interficiebatur
1106 1743 1119 1757 .
1137 1702 1456 1774 Comparato
1470 1702 1485 1754 i
1526 1702 1625 1754 itur
1643 1717 1708 1753 ex

105 1780 445 1853 perditiffimis
458 1785 681 1848 ciuibus,
698 1788 749 1838 δε
766 1781 918 1837 seruis
939 1781 1215 1837 dominorfi
1233 1720 1615 1850 caede'poffutis
1633 1772 1706 1829 sa-

107 1859 521 1923 telliti02duobus
539 1879 755 1935 quoque
773 1861 996 1913 militurn
1011 1856 1237 1911 millibus
1260 1854 1492 1909 mercede
1508 1851 1710 1908 condu-

105 1936 201 1990 ctis
227 1975 245 2001 ,
273 1939 621 2012 Tyrannidem
641 1933 966 1991 confirmauit
977 1973 995 1998 2
1031 1933 1168 1987 bona
1184 1931 1564 1986 interfectorum
1579 1932 1709 1983 inter
1736 1942 1739 1946 ·

104 2008 300 2068 sceleris
318 2016 566 2069 ministros
582 2010 910 2073 diuifit,filios
925 2010 1204 2065 eorundem
1213 2007 1333 2064 vrbe
1350 2006 1596 2062 excedere
1612 2001 1710 2059 ius-

108 2087 205 2156 fit,
220 2094 467 2164 coniuges
486 2092 905 2160 interemptorum
920 2085 1071 2141 seruis
1085 2085 1276 2140 nubere
1291 2084 1539 2155 compulit
1552 2122 1564 2136 .
1658 2081 1711 2134 ui
1732 2107 1737 2112 ·

111 2184 285 2225 tamen
298 2166 538 2239 deinceps
554 2164 820 2220 sceleribus
835 2201 853 2228 ,
871 2161 1081 2218 sordidis
1098 2161 1326 2215 moribus
1342 2198 1359 2224 2
1372 2162 1424 2214 &
1439 2159 1711 2214 crudelita—

112 2261 164 2302 te
180 2245 529 2316 principatum
545 2242 807 2297 dedecoris
825 2239 1035 2295 infamia
1051 2237 1347 2309 deturpauit
1364 2275 1380 2300 ,
1409 2239 1459 2290 δε
1477 2241 1712 2310 Gymna-

115 2321 189 2379 sia
205 2361 222 2386 ,
250 2337 565 2392 armorumq.
582 2319 967 2373 exercitationes
991 2314 1182 2389 quibus
1209 2312 1460 2369 florebant
1476 2310 1676 2383 Ephebi
1695 2347 1712 2373 ,

118 2399 312 2456 sustulit
340 2436 354 2451 .
387 2396 655 2451 Cincinnis
669 2434 686 2459 ‚
713 2390 991 2466 reticulisq.
1009 2396 1253 2447 iuuenum
1284 2391 1495 2461 capillos
1509 2389 1715 2461 religari
1733 2414 1736 2417 <

121 2481 292 2549 (quos
308 2472 609 2528 Coronistas
637 2471 921 2544 appellatos
951 2470 1023 2525 ait
1051 2467 1358 2523 Plutarchus
1374 2471 1394 2532 )
1421 2466 1714 2521 calamistris

119 2551 383 2622 componi,
399 2547 586 2603 cerussa
598 2543 936 2621 purpuriffari,
949 2542 1242 2617 talaribusq.
1260 2545 1404 2616 pictis
1418 2544 1556 2617 togis
1575 2539 1716 2595 indui

118 2626 249 2685 iuffit
263 2666 279 2691 ‚
291 2643 348 2683 vt
360 2634 502 2681 m'ore
519 2627 772 2699 virginum
789 2625 1028 2680 Cumana
1044 2620 1203 2695 pubes
1218 2625 1270 2675 in
1285 2618 1463 2675 vmbra
1476 2619 1685 2692 degeret
1701 2654 1718 2681 ,

124 2704 422 2761 saltatorum
451 2706 502 2757 ὃς
520 2701 788 2757 tibicinum
803 2698 1056 2756 illecebris
1074 2698 1384 2754 detineretur
1396 2734 1414 2761 ,
1430 2700 1481 2750 &
1495 2711 1720 2750 vteretur

129 2780 326 2839 balneis
346 2784 397 2837 &
412 2781 688 2856 vnguentis
704 2801 733 2841 5·
752 2782 804 2834 δε
829 2775 1050 2834 feminae
1068 2770 1426 2846 abraso'capite
1441 2813 1457 2839 ,
1484 2771 1720 2844 deposito

1359 2860 1404 2914 T
1640 2874 1723 2911 ca-

1742 2142 1774 2176 A
1778 2139 1956 2193 rzstodemi

1739 2192 1910 2234 luxuries.

1745 2450 1869 2504 Opusc.
1886 2450 1966 2488 da)

1747 2521 1785 2545 m
1792 2509 1839 2546 ul·
1853 2506 2004 2545 virtute.
