2112 3214
395 146 480 196 44
766 125 1597 193 ‘PVTEOLANA

860 1419 1076 1490 Maria
1106 1421 1482 1490 Puteolana.

576 1557 619 1612 F
620 1547 904 1633 ranciscus.
1022 1547 1342 1629 Ambrostus.
1446 1547 1800 1614 Andronicus}

541 1695 588 1749 T
619 1695 844 1749 virorum
877 1696 930 1748 δε
958 1692 1229 1748 mulierum
1258 1691 1606 1765 splendoribus
1623 1694 1824 1749 Puteoli
1839 1694 1981 1751 varia

541 1787 827 1841 temporum
844 1768 1178 1824 viciffitudine
1193 1769 1397 1824 fuerunt
1410 1769 1640 1824 illustrati
1670 1809 1684 1824 .
1718 1774 1884 1826 Vnius
1905 1788 1982 1826 ta·

94 1871 208 1924 Epa*-
220 1865 282 1906 tib.
297 1876 334 1918 ς.
389 1865 508 1901 men
524 1847 748 1900 mulieris
765 1846 954 1899 lumine
967 1848 1094 1899 inter
1111 1846 1261 1899 Italas
1277 1845 1424 1900 vrbes
1439 1845 1660 1900 maxime
1673 1848 1898 1900 enituere
1924 1886 1938 1901 .

387 1923 557 1978 Maria
572 1921 701 1975 haec
718 1921 805 1975 illa
821 1923 890 1975 est
906 1919 1167 1975 Francisco
1183 1920 1488 1976 Petrarchae
1506 1924 1734 1995 cognita,
1750 1923 1903 1976 alicui
1917 1941 1983 1977 ex

386 1997 720 2054 Amazonum
734 1997 816 2052 vel
832 2015 893 2050 ex
910 1995 1256 2051 bellatricibus
1273 1998 1432 2061 ItaliS,
1445 1997 1576 2052 duce
1588 1999 1831 2062 Camilla,
1847 1997 1986 2052 fimi-

386 2076 450 2131 lis
467 2114 481 2128 .
500 2076 626 2129 Duo
640 2076 690 2127 in
707 2092 765 2127 ea
784 2090 889 2126 non
901 2073 1083 2127 humili
1099 2074 1217 2126 loco
1235 2090 1354 2128 nata
1369 2073 1585 2128 floruere
1597 2112 1614 2138 ,
1628 2073 1809 2138 robur,
1830 2078 1881 2127 δε
1896 2093 1981 2128 ca-

384 2152 524 2208 stitas
543 2188 558 2204 .
575 2148 824 2205 Cohortis
842 2152 971 2203 inter
987 2151 1122 2203 ciues
1137 2148 1361 2218 diffidijs‚
1374 2153 1425 2203 &
1439 2168 1694 2204 armorum
1707 2150 1871 2204 flimis
1889 2169 1983 2205 vn-

384 2227 547 2298 dique
564 2228 798 2281 excitatis
817 2262 834 2289 ,
859 2226 1057 2280 virilem
1074 2222 1176 2296 ipsa
1190 2224 1408 2279 formam
1422 2227 1589 2280 induit
1603 2266 1620 2290 ,
1647 2230 1697 2281 &
1716 2228 1982 2280 continen-

384 2318 464 2357 ter
478 2304 631 2356 armis
647 2306 777 2355 reeta
790 2302 983 2356 nullam
1000 2300 1161 2355 subire
1179 2318 1402 2375 pugnam
1417 2305 1545 2356 inter
1560 2302 1830 2356 bellatores
1842 2321 1985 2356 recu-

387 2376 516 2433 sauit
531 2415 549 2441 >
567 2379 741 2432 omnia
760 2378 899 2432 adire
914 2377 1139 2447 pericula
1155 2376 1271 2431 ausa
1287 2380 1355 2433 est
1370 2415 1387 2441 ,
1417 2377 1602 2450 adeoq.
1621 2377 1669 2432 se
1684 2377 1754 2430 for
1766 2377 1984 2431 midabi-

388 2456 490 2508 lem
510 2453 790 2527 pugnando
806 2454 1029 2507 reddidit
1046 2453 1161 2508 cum
1178 2455 1340 2524 prima
1354 2457 1404 2508 in
1422 2456 1582 2508 aciem
1598 2456 1827 2525 prodiret
1840 2492 1855 2516 2
1882 2455 1983 2523 pri-

385 2547 472 2584 ma
505 2530 700 2584 hostem
725 2544 1031 2600 prouocaret
1045 2567 1062 2593 ,
1095 2532 1257 2599 prima
1285 2530 1503 2584 telorum
1532 2531 1824 2603 ingruentes
1853 2532 1983 2583 idrus

388 2608 646 2677 exciperet
673 2643 690 2669 ,
720 2623 777 2660 vt
791 2624 944 2659 nemo
976 2602 1206 2676 profesto
1237 2623 1352 2659 cum
1369 2624 1428 2660 ea
1445 2605 1692 2679 congredi
1713 2605 1941 2660 auderet.

387 2683 528 2736 Cum
545 2680 775 2736 finitimis
789 2680 981 2736 bellum
996 2680 1387 2736 haereditarium
1405 2681 1590 2737 deinde
1607 2679 1746 2756 geffit
1759 2698 1917 2743 tanta,
1933 2684 1984 2734 ὃς

389 2759 546 2817 animi
574 2762 625 2816 &
641 2758 824 2817 virium
838 2757 1188 2833 proptitudine
1203 2795 1221 2823 ,
1236 2774 1293 2814 vt
1308 2752 1451 2832 saepe
1468 2756 1572 2814 sola
1587 2757 1816 2813 hostibus
1832 2759 1985 2811 timo-

1873 2849 1980 2886 sem
