2112 3214
112 635 336 687 Eftnlanae.

118 983 226 1025 Vrbis
236 985 377 1028 veteris.

124 1657 324 1712 Perusinae
334 1687 346 1700 .

127 1746 334 1801 Catinenfi’s
345 1774 357 1786 .

132 2132 279 2180 siquae.

137 2245 366 2301 Aquarium.

138 2436 233 2484 Carp
238 2428 344 2483 enfts·

148 2677 374 2732 Aponianae.

424 200 504 245 ιι
803 165 1650 246 ΒΕΒΑιΝΕις

416 287 1007 362 phureae,aluminosae
1040 334 1054 348 .
1100 295 1151 348 S.
1173 296 1372 350 Mariae
1387 298 1438 350 in
1455 298 1622 354 Felice
1638 296 1668 363 ‚'
1680 295 2011 373 sulphureae,

414 364 608 425 ferreae
641 391 656 431 ς
699 368 974 426 leuiffimae
1000 370 1252 426 dederunt
1279 390 1447 445 aquae
1481 372 1709 430 suauium
1737 395 1926 432 nornen
1955 417 1971 432 .

415 446 551 500 Prati
566 484 583 510 2
599 463 726 517 potu
744 444 1052 501 suauissimae
1065 485 1082 510 2
1115 466 1207 501 nec
1224 464 1396 504 tamen
1411 449 1686 521 plurimum
1702 451 1951 524 sulphuris
1967 455 2011 507 i·

412 523 519 591 nest
548 562 562 575 .
606 523 870 594 Paganelli
887 562 903 586 ,
921 526 1109 578 nitrum
1125 563 1140 587 ,
1155 522 1222 577 sal
1239 562 1254 587 ,
1272 527 1324 579 3<
1339 526 1543 580 alumen
1558 525 1715 582 habet
1744 567 1760 582 .
1802 528 2008 586 Afinel-

412 597 494 652 lae
509 636 525 662 ‚
542 616 730 654 aeneae
745 638 762 662 2
779 618 881 652 non
899 602 1058 653 nimio
1072 599 1308 671 sulphure
1324 603 1705 673 participiantes
1735 642 1749 657 .
1783 602 2008 678 hydropi

412 673 743 730 vehementer
774 675 1046 730 conferunt
1088 716 1101 730 .
1159 675 1430 732 Esculanas
1446 716 1463 741 ,
1501 697 1603 732 non
1621 680 1772 734 nimis
1789 680 1979 734 calidas
1995 719 2011 743 ,

410 749 729 808 Veronenses
744 791 763 815 ,,
777 770 911 825 quae
930 753 1271 808 Calderianae
1285 754 1525 808 dicuntur
1541 793 1556 817 ‚
1585 753 1722 827 easq.
1741 754 1825 810 sua
1840 772 2009 810 aetate

411 844 632 899 repertas
650 825 818 882 scribit
833 828 1094 903 Menghus
1122 869 1136 882 .
1164 829 1329 884 clarae
1346 827 1490 893 sunt,
1519 830 1844 905 frigidaeque
1857 836 1909 886 in
1922 833 2011 886 tri-

411 904 536 977 plici
552 907 745 959 minera
761 943 777 968 ,
792 903 942 968 ferri,
962 905 1199 960 aluminis
1217 944 1234 969 ,
1261 903 1372 960 salis
1392 908 1692 962 constitutae
1709 929 1722 967 ;
1755 908 1822 962 ad
1838 908 2006 962 fluxus

412 980 680 1053 hepaticos
697 980 1021 1036 admirabiles
1034 1021 1050 1036 .
1077 979 1231 1037 Vrbis
1247 985 1448 1046 veteriS,
1465 1001 1598 1055 quae
1616 985 1800 1037 ciuitas
1818 1002 2007 1038 nouem

415 1075 631 1132 quoque
644 1058 834 1112 Balnea
849 1056 1070 1112 celebrat
1083 1097 1097 1110 .
1128 1058 1282 1112 Della
1299 1075 1429 1113 terra
1446 1097 1461 1121 ‚
1477 1061 1583 1113 vim
1599 1058 1756 1114 habet
1767 1060 2004 1131 expultri-

415 1132 726 1206 cem,ideoq.
741 1133 932 1205 lapides
950 1131 1282 1207 arenulasque
1297 1134 1530 1205 explodit
1545 1174 1558 1188 .
1592 1136 1882 1200 Calidaiae,
1899 1153 2008 1190 ma-

416 1210 556 1267 xime
573 1209 800 1266 calidum
819 1208 905 1264 Ad
921 1207 1137 1264 scabiem
1154 1250 1167 1263 .
1218 1211 1269 1263 S.
1287 1212 1482 1265 Mariae
1497 1210 1647 1265 valde
1666 1211 1892 1265 calidum
1908 1248 1926 1274 ,
1952 1214 2005 1264 ὃς

415 1284 607 1342 ficcum
639 1326 652 1339 .
694 1285 1265 1360 Caldagnae‚calidum
1282 1289 1561 1359 quoque&
1576 1285 1796 1348 ficcum3
1827 1287 2010 1340 alumi-

417 1359 597 1417 nosum
614 1364 777 1436 magis
797 1364 951 1435 quam
968 1360 1184 1416 ferreum
1215 1401 1231 1416 .
1271 1362 1591 1417 Ficuncellae
1621 1401 1639 1427 ,
1668 1365 1721 1417 in
1747 1363 2008 1417 caliditate

419 1456 757 1509 temperatum
775 1477 789 1491 .
823 1439 1136 1501 Grotae‚ad
1151 1438 1341 1510 lepram
1357 1435 1665 1512 ,scabiemq.
1693 1440 1745 1495 S.
1764 1439 1979 1511 Georgij
1995 1475 2013 1499 ,

418 1514 572 1572 valde
587 1513 779 1570 ficcum
795 1551 812 1579 ,
829 1515 996 1569 vlcera
1010 1515 1224 1587 antiqua
1241 1512 1563 1569 consolidans
1591 1556 1606 1569 .
1650 1517 1767 1570 Pori
1782 1553 1800 1579 ,
1817 1513 2012 1568 sudoris

421 1592 819 1665 prouocatiuum
848 1630 864 1644 .
911 1592 996 1645 De
1012 1590 1148 1645 Luto
1165 1628 1184 1654 ,
1212 1590 1279 1645 acl
1296 1593 1515 1646 crurium
1542 1588 1807 1647 crassitiem
1825 1590 2012 1645 tollen⁴

421 1671 541 1725 dam
557 1705 572 1722 .
604 1665 881 1724 Accedunt
896 1665 1163 1723 Perusinae
1178 1684 1346 1740 aquae
1360 1706 1376 1731 ‚
1395 1668 1571 1741 nigrae
1584 1706 1602 1732 ,
1616 1671 1667 1723 &
1684 1666 1942 1729 foetidae,
1959 1667 2013 1719 in

423 1743 613 1819 quibus
630 1741 837 1815 sulphur
854 1782 869 1807 ‚
884 1746 935 1798 ὃς
952 1740 1238 1815 asphaltum
1269 1783 1284 1799 .
1322 1742 1596 1799 Accedunt
1612 1747 1662 1799 ἃ.
1677 1739 1977 1799 Catinenses
1992 1778 2010 1806 ‚

426 1819 616 1895 quibus
635 1820 700 1875 ad
714 1818 963 1874 tamarisci
979 1820 1217 1891 paludem
1233 1858 1250 1883 ,
1268 1820 1334 1874 ad
1349 1820 1633 1894 podagram
1647 1858 1665 1884 ,
1698 1824 1750 1874 δε
1769 1817 2013 1875 articulo-

423 1917 535 1953 rum
552 1897 754 1951 dolores
773 1898 943 1950 rustici
961 1913 1171 1951 Vtuntur
1188 1936 1200 1949 .
1234 1895 1384 1951 Aliae
1400 1915 1616 1969 quoque
1629 1935 1647 1961 ‚
1665 1914 1801 1969 quae
1815 1912 2013 1950 nouum

423 1975 668 2031 Balneum
685 1973 922 2026 dicuntur
940 2011 955 2035 ,
970 1972 1373 2027 Florentinorum
1390 1970 1497 2026 vsui
1514 1972 1818 2026 commodae
1833 2011 1849 2025 .
1875 1973 2022 2026 Ven-

424 2067 553 2105 trem
570 2047 771 2103 soluunt
787 2086 802 2110 ,
819 2050 1069 2103 vomitum
1088 2064 1374 2118 prouocant
1389 2087 1405 2111 2
1424 2048 1622 2101 renibus
1637 2047 1844 2119 prosunt
1859 2085 1875 2100 .
1891 2049 2018 2100 Pro-

424 2125 489 2198 pe
504 2124 688 2196 Aquas
706 2162 721 2187 ,
750 2142 886 2196 quae
904 2125 1084 2177 ciuitas
1103 2124 1167 2177 ad
1185 2141 1414 2179 montem
1443 2128 1699 2178 Ferratum
1714 2122 1883 2196 posita
1910 2122 1981 2177 est
1995 2157 2014 2185 ,

426 2203 531 2256 duo
548 2199 661 2255 sunt
674 2199 862 2254 Balnea
876 2239 892 2264 >
907 2200 1234 2255 articulorum
1253 2200 1487 2253 dolorum
1507 2202 1647 2255 Vtilia
1677 2240 1690 2253 .
1728 2198 1815 2253 Ad
1831 2197 2019 2270 Aqua-

426 2280 557 2334 rium
585 2315 602 2339 ,
631 2275 776 2348 quod
795 2274 995 2348 Rhegio
1036 2297 1068 2329 x
1088 2297 1118 2331 x
1134 2296 1183 2330 v,
1218 2276 1373 2330 millia
1387 2275 1614 2347 passuum
1631 2276 1797 2340 abest,
1826 2272 2016 2347 frigida.

429 2351 634 2409 scaturit
650 2370 785 2423 aqua
800 2389 818 2414 ,
836 2352 993 2404 odore
1011 2350 1148 2406 suaui
1161 2391 1178 2416 2
1197 2371 1351 2423 quem
1366 2353 1431 2407 ad
1452 2352 1782 2423 Camphorae
1799 2350 2014 2404 odorem

428 2428 673 2485 accedere
691 2429 835 2485 aiunt
863 2467 877 2480 .
913 2426 1100 2481 nitrosa
1121 2466 1135 2490 ,
1164 2426 1354 2482 &salsa
1384 2468 1397 2481 .
1447 2426 1726 2499 Carpenfia
1758 2421 2018 2498 praeterea

429 2502 660 2561 Balneaa
675 2501 834 2557 brutis
853 2521 1042 2574 aquam
1058 2503 1351 2557 bibentibus
1385 2506 1591 2556 inuenta
1621 2543 1633 2558 .
1679 2501 1900 2575 Aliquid
1926 2500 2022 2553 ha·-

433 2579 555 2635 bent
569 2578 816 2650 sulphuris
833 2582 883 2632 &
901 2579 1157 2641 aluminis,
1176 2597 1311 2651 quae
1328 2580 1562 2632 exiccant
1577 2578 1784 2634 renibus.
1794 2575 2021 2650 prosunt,

431 2659 484 2710 δε
502 2654 775 2714 calefactae
792 2654 978 2709 tollunt
996 2653 1325 2708 humiditates
1352 2694 1366 2706 .
1410 2656 1474 2707 Et
1493 2654 1796 2724 Aponianae
1814 2653 2020 2708 Pataui-

434 2750 531 2786 nae
559 2770 573 2784 .
620 2734 825 2784 Praeter
840 2729 966 2785 alias
989 2748 1118 2802 quas
1133 2733 1332 2783 Natura
1351 2729 1542 2801 vbique
1558 2732 1752 2800 peperit
1779 2728 2018 2784 humanis

434 2805 805 2865 neceffitaribus
825 2805 1084 2867 consulens
1100 2843 1119 2872 ,
1148 2821 1204 2862 vt
1221 2806 1336 2863 cum
1353 2821 1511 2861 terrae
1527 2825 1739 2880 quoque
1757 2823 1911 2862 venas
1928 2819 2020 2857 vae

1834 2899 1911 2936 rio
1928 2898 2026 2934 τηις
