2112 3214
429 91 1201 156 HISTORIA.
1573 105 1657 153 99

420 208 595 253 Cumas
616 202 741 269 apud
755 212 991 266 mantemq.
1013 203 1077 251 M
1081 197 1299 262 finum-⁴

63 282 155 333 vel,
322 295 451 307 -ff
653 284 875 338 montemq
904 277 943 320 V
950 271 1124 333 efiuum
1140 304 1151 322 ,

61 371 330 431 propterea
348 351 496 426 quod
513 354 789 425 Pompeios
803 349 991 411 deinde
1007 348 1210 405 videtur
1227 366 1630 408 commemorare
1643 390 1657 404 .

60 431 349 505 Antiquam
368 428 466 503 ipse
480 431 748 484 lectionem
762 431 1028 484 retinerem
1044 465 1059 490 ,
1073 444 1128 482 vt
1144 423 1380 480 Etruscus
1398 444 1545 480 mons
1564 422 1663 479 sul-

61 508 285 581 phureus
302 507 639 580 appe—neuma
660 509 945 580 Gigantum
963 521 1106 577 parte
1122 505 1324 576 quaein
1342 504 1594 557 Etruriam
1610 504 1662 556 in

63 584 317 662 Phlegrea
334 585 421 642 illa
436 601 609 659 pugna
624 585 780 638 eiecta
796 584 881 637 est.
906 581 1050 637 Audi
1066 581 1407 654 Pomponium
1423 580 1664 644 Laetum,

228 682 286 730 H
287 694 342 726 uc
355 680 570 744 quicunq‚·
585 678 716 726 venis
720 673 1004 739 stupefafflus
1022 674 1082 721 ad
1099 673 1181 738 offa
1195 676 1464 738 Gtgantum,

292 749 423 816 Disce
433 765 516 798 cur
528 753 572 798 E
574 746 717 812 trusto
722 747 824 811 fint
836 744 1061 794 tumulata
1070 744 1266 807 solo‚etc.

676 837 1012 903 Acheron.

102 954 457 1013 Acherontem
480 975 694 1032 quoque
710 956 977 1014 Auernum
994 955 1307 1028 appellatum
1324 950 1664 1028 dixere,qu‹*>d

62 1035 117 1089 in
131 1053 248 1088 eum
265 1033 549 1090 Acherusia
565 1036 708 1108 palus
725 1074 741 1099 ‚
757 1054 893 1108 quae
906 1034 972 1089 ad
988 1035 1188 1088 Cumas
1204 1034 1275 1086 est
1289 1070 1307 1096 2
1330 1029 1562 1086 influeret
1576 1048 1665 1103 per
1690 1039 1935 1101 Acherufiain

1 1147 2 1150 =
65 1108 415 1167 subterraneos
436 1130 631 1167 meatus
648 1151 664 1176 ,
686 1114 924 1185 quamuis
940 1114 992 1165 &
1009 1107 1347 1164 Acherusiam
1365 1110 1417 1161 in
1432 1108 1663 1162 Lucania
1691 1098 1859 1134 Lucanus

65 1206 434 1243 commemoret
448 1191 741 1260 Eutropius.
759 1189 1005 1251 Eandem,
1022 1191 1072 1242 &
1088 1188 1140 1240 in
1158 1187 1313 1258 Epiro
1330 1185 1543 1240 alteram
1555 1202 1662 1239 me·
1688 1184 1736 1221 1'2
1750 1181 1954 1222 ‘Bf‘ufffl'ffl

64 1281 232 1318 morat
264 1266 438 1319 Liuius
457 1266 579 1319 dum
597 1265 765 1320 scribit
780 1304 797 1329 ,
828 1263 1180 1320 Alexandrum
1212 1263 1350 1334 Epiri
1367 1263 1560 1336 Regem
1575 1299 1593 1325 2
1609 1278 1664 1316 vt
1700 1268 1947 1321 Dec.x.12b.8.

66 1356 273 1394 caueret
287 1339 624 1396 Acherusiam
642 1360 833 1415 aquam
850 1380 866 1405 2
881 1345 932 1396 δε
950 1340 1092 1394 Pand
1100 1337 1260 1394 ofiam
1277 1337 1453 1394 vrbem
1469 1356 1532 1392 ex
1548 1355 1668 1393 ora-

66 1416 186 1470 culo
199 1418 335 1472 Iouis
353 1418 793 1492 Dodonaei‚quae
807 1417 1099 1490 vrb5‚&qui
1113 1418 1276 1470 amnis
1293 1417 1345 1469 in
1362 1417 1518 1487 Epiro
1535 1412 1666 1478 sunt,

70 1492 218 1547 ocius
236 1493 549 1549 tranlmififfe
566 1498 617 1549 in
632 1496 831 1549 Italiam
859 1533 877 1559 ,
903 1512 961 1550 vt
987 1498 1143 1566 quam
1160 1490 1383 1546 maxime
1398 1486 1585 1546 abesset
1600 1489 1669 1546 ab

70 1570 228 1639 Epiro
242 1609 256 1623 .
281 1573 387 1643 Qui
403 1589 572 1626 tamen
590 1570 748 1644 prope
762 1590 874 1626 eam
889 1570 1065 1627 vrbem
1082 1587 1239 1642 atque
1255 1586 1456 1624 amnem
1470 1565 1669 1622 occisus

0 1655 1 1659 ’
71 1647 142 1700 est
156 1644 221 1700 ab
237 1649 385 1701 exule
404 1649 633 1703 Lucano,
658 1647 880 1703 Amnem
894 1649 946 1702 in
962 1649 1117 1720 Epiro
1133 1644 1450 1700 Acher6tem
1465 1662 1528 1698 ex
1546 1645 1668 1698 Mo·
1696 1683 1856 1724 Acheron
1866 1684 1946 1726 itu

68 1721 244 1778 loffide
259 1723 467 1779 fluerem
485 1728 535 1780 in
554 1727 726 1799 stagna
738 1724 936 1780 inferna
950 1726 1138 1795 accipit
1151 1720 1479 1793 Thesprotius
1496 1718 1632 1776 finus
1649 1758 1667 1786 ,
1690 1739 1815 1792 Epiro.

69 1816 127 1854 vt
143 1800 277 1871 apud
294 1801 513 1855 eundem
530 1802 735 1856 Liuium
752 1841 766 1856 .
793 1804 859 1856 Et
874 1800 1106 1856 arborem
1124 1799 1271 1854 albae
1285 1798 1464 1870 populi
1482 1798 1669 1869 reperit

71 1877 318 1931 Hercules
335 1878 401 1932 ad
418 1897 619 1932 amnem
635 1876 986 1933 Acherontem
1003 1880 1054 1931 in
1070 1873 1420 1948 Thesprotide‚
1441 1892 1503 1927 ex
1522 1876 1668 1928 cuius

0 2017 1 2022 Ἰ
69 1952 223 2026 lignis
240 1956 558 2008 victimarum
574 1952 769 2009 femora
785 1957 896 2008 Ioui
910 1955 1159 2029 Olympio
1177 1950 1451 2007 cremabat.
1461 1952 1668 2004 Seruius

0 2067 2 2103 2
71 2047 133 2082 ex
151 2032 360 2084 aestuari
364 2034 408 2099 js
423 2029 839 2095 Acherontiswel
856 2028 1188 2092 Acherusiae,
1201 2029 1283 2084 vel
1299 2026 1670 2091 Acheruntiae,

0 2137 1 2140 =
75 2103 341 2161 Auernum
357 2106 492 2162 nasci
505 2105 693 2162 scribit.
708 2106 797 2163 Ad
813 2109 957 2181 quod
971 2105 1140 2162 allufit
1155 2106 1309 2161 Silius
1326 2103 1414 2159 lib.
1427 2123 1447 2157 1
1462 2125 1487 2158 2
1498 2142 1513 2158 .

239 2210 297 2256 H
297 2210 369 2255 inc
383 2208 537 2256 vicina
550 2209 688 2274 palus
700 2209 846 2273 ,fizma
858 2209 917 2272 est
928 2242 942 2265 ,
958 2208 1220 2258 Acherontis
1231 2207 1293 2257 ad
1306 2206 1457 2257 vndas

243 2281 452 2330 Pandere
464 2282 550 2329 iter
560 2298 696 2329 cauas
699 2279 947 2346 stagnante
960 2282 1182 2345 voragine
1179 2278 1345 2344 fauces

239 2356 339 2400 Lax
347 2361 409 2406 at,
425 2351 486 2411 &⁶
497 2353 744 2401 horrendos
754 2356 899 2418 aperit
913 2352 1083 2400 telluris
1095 2353 1263 2405 hiatus,

241 2426 270 2469 1
275 2425 438 2471 nterdu
444 2440 530 2489 mq.
548 2439 666 2471 nouo
677 2426 920 2490 perturbat
932 2425 1099 2474 lumine
1111 2427 1301 2475 Manes.

1 2571 2 2592 ζ
132 2516 199 2571 Et
213 2518 484 2574 Petrarcha
501 2521 553 2574 in
569 2521 833 2576 Itinerario
849 2560 866 2585 ,
880 2523 952 2568 Ea
965 2528 1113 2565 autem
1121 2514 1418 2581 huiufiemodi
1425 2523 1531 2579 apta
1545 2512 1637 2562 loca
1649 2545 1664 2569 ‚

1 2644 2 2647 Ἴ
48 2646 54 2652 p
78 2593 383 2658 quodibisint
397 2602 610 2642 Auernus
631 2606 768 2662 atque
791 2597 996 2644 Acheron
1018 2607 1220 2644 tartarea
1237 2595 1446 2644 nomina,
1464 2592 1526 2640 ibi
1540 2594 1667 2640 Ditis

0 2662 3 2712 3
79 2673 104 2702 o
125 2660 188 2706 tia
201 2658 330 2705 lemen
345 2659 633 2717 irremeabile,
650 2662 711 2719 ὠ·
723 2662 792 2710 ille
788 2661 943 2724 factlis
955 2662 1167 2727 destenfics
1181 2661 1373 2712 Auerni·
1390 2661 1477 2717 De
1493 2658 1669 2715 Ache-

1 2763 3 2814 j
78 2737 211 2797 rufia
223 2778 243 2814 2
260 2741 446 2798 Cumis
464 2740 640 2817 aliqua
663 2739 966 2819 scripsimus,

1 2836 3 2841 ’
1074 2817 1133 2875 N
1217 2835 1251 2874 2
1484 2814 1670 2889 Stygia
