2112 3214
620 126 1102 217 LIBER.
1581 138 1661 183 23

67 245 237 300 ffexilis
253 245 423 310 plumbi
435 248 649 295 meatibus
670 255 757 298 διε.
782 245 1057 301 Sidonius.
1082 239 1157 297 At
1172 241 1393 300 Seneca;
1413 239 1665 307 Etimprefi
1690 241 1878 298 Epist-90·

58 321 134 382 fis
156 318 539 380 parietibustubos
553 349 563 369 ,
582 318 916 383 qtaeiimastmul
928 353 936 371 ,
954 315 1434 377 &stemmajbuerent
1445 314 1664 377 aequiter.

71 385 270 457 idemq.
286 384 349 438 ad
367 403 478 439 earn
492 405 594 439 rein
613 383 930 440 efficiendam
946 382 1112 438 scribit
1127 384 1201 438 vti
1216 380 1391 436 solitos
1412 379 1670 433 Draconi-

77 460 171 514 bUS
190 498 206 523 ³
224 460 475 528 Milliarijs
493 499 513 524 ‚
526 464 580 515 8<
597 463 982 534 quamplurimis
997 458 1174 514 formis
1192 461 1241 512 in
1258 457 1445 531 quibus
1463 473 1576 509 aere
1592 471 1668 507 te-

75 538 165 590 nui
184 533 372 590 fistulas
399 535 684 590 statuebant
713 555 801 608 per
830 536 1028 591 decline
1056 534 1391 589 circumdatas
1409 569 1427 596 ,
1445 547 1501 586 vt
1522 529 1667 600 saepe

6 620 8 626 ⁴
80 612 299 666 eundem
314 614 485 685 ignem
503 612 730 666 ambiens
761 630 896 684 aqua
929 630 1016 683 per
1047 627 1246 665 tantum
1275 609 1452 663 flueret
1481 605 1632 678 spacij
1652 643 1669 672 ‚

81 705 331 759 qnantum
351 685 614 741 efficiendo
630 688 787 741 calori
802 687 917 742 satis
933 685 1051 742 esset
1067 725 1080 739 .
1094 685 1347 759 Frigidam
1367 683 1435 738 ita
1451 684 1637 737 intrare
1654 703 1667 740 ς

81 763 289 818 effluere
315 763 533 817 calidam
547 803 560 816 .
601 762 1054 826 Laconicussudor
1066 763 1117 815 in
1134 762 1420 831 Vaporario
1435 756 1674 813 elicieba-

82 854 165 893 tur
183 878 196 902 ,
213 840 355 910 quod
371 838 546 892 exact&
568 836 803 893 describit
817 839 1104 900 VitruuiuS‚
1121 839 1214 909 qui
1231 836 1476 890 Laconici
1493 850 1676 888 curua-

85 930 251 969 turam
266 914 332 968 ad
348 916 589 967 circinum
607 916 828 969 extruxit
841 954 856 967 .
873 916 961 968 De
981 932 1044 967 eo
1064 911 1130 967 sic
1148 914 1256 966 Dio
1270 916 1400 966 inter
1416 908 1678 983 Agrippae

87 1007 241 1061 opera
256 1027 275 1053 ,
291 996 377 1038 »roff
376 1012 415 1037 το
429 990 474 1039 eh*
487 988 536 1039 ‘to'
545 993 778 1052 πνρας-ἤρων
792 991 836 1038 τό
852 987 1056 1039 Λοωιονικόν
1069 993 1353 1049 naufragantem
1380 994 1412 1038 S
1414 988 1673 1037 udatorium

87 1068 500 1131 Laconicumfecit.
526 1063 723 1137 idemq.
747 1065 990 1120 Balneum
1007 1063 1142 1118 idem
1157 1066 1331 1117 auetor
1348 1066 1556 1123 ’γυμνάσιον
1583 1076 1675 1130 ap-

86 1137 276 1211 pellat,
304 1156 421 1192 nam
438 1139 801 1209 Lacedemonij
819 1140 1000 1194 nudari
1016 1145 1228 1211 corpora
1244 1177 1262 1202 ,
1288 1140 1341 1191 δε
1365 1137 1542 1209 inungi
1558 1135 1679 1189 oleo

86 1213 359 1286 praecipue
374 1215 702 1270 videbantur.
725 1218 794 1270 Et·
808 1217 1056 1289 quoniam
1078 1233 1267 1287 vapore
1283 1212 1511 1267 exhausti
1528 1249 1543 1275 ,
1558 1225 1682 1264 mox

87 1292 316 1361 peruniiti
329 1290 516 1363 frigida
533 1310 673 1345 more
688 1291 1184 1347 Lacedemoniorum
1206 1288 1517 1345 lauabantur
1534 1325 1552 1353 ,
1580 1286 1686 1341 [ει-ν

90 1366 326 1421 conicum
347 1368 414 1420 est
431 1367 636 1421 dietum.
658 1368 914 1422 Martialis
932 1367 998 1423 ad
1013 1369 1306 1440 Oppianum
1320 1403 1346 1432 2

224 1469 428 1532 ‘Rjtusst
437 1468 643 1536 placeant
660 1472 743 1518 tihi
756 1473 1038 1519 Laconum-..s

219 1545 476 1588 Contentus
494 1552 616 1604 potes
629 1540 768 1587 ariolo
781 1552 898 1605 vapo
905 1556 954 1588 re

225 1609 387 1656 Cruda
405 1612 596 1675 Virgine
609 1642 621 1665 ,
637 1612 701 1658 M
704 1611 868 1674 artiaq.
885 1610 1041 1674 mergi.

129 1689 453 1747 Alcibiadem
475 1695 526 1747 in
542 1712 598 1747 ea
615 1710 667 1747 re
696 1689 998 1746 Plutarchus
1026 1690 1251 1746 damnat.
1274 1686 1652 1761 Apodyterium
1669 1721 1690 1748 ,
1717 1683 1975 1737 Apocaterium

92 1784 187 1840 pro
208 1767 626 1822 exercitatoribus
643 1766 914 1839 spoliandis
942 1769 1225 1821 communis
1255 1766 1430 1827 locuS‚
1448 1764 1540 1835 qui
1572 1779 1689 1815 cum

92 1844 357 1898 Laconico
391 1846 686 1898 coniunctus
705 1859 815 1898 erat
829 1881 843 1896 .
884 1841 1262 1915 Apodyterium
1294 1844 1344 1894 &
1363 1838 1690 1910 Tepidarium

95 1919 230 1974 idem
248 1917 344 1974 effe
361 1920 523 1992 aliqui
545 1919 850 1973 arbitrantur
865 1958 880 1971 .
911 1921 967 1972 ln
982 1916 1341 1989 Sphaeristerio
1359 1954 1380 1979 3
1392 1917 1535 1986 plura
1550 1932 1693 1967 exer-

96 1997 396 2048 citationum
419 2012 602 2068 genera
620 2033 636 2058 ,
651 1994 736 2048 vbi
755 1992 1133 2066 sacellaaequis
1163 1995 1389 2064 Vndique
1405 1990 1582 2062 spacijs
1600 1990 1695 2042 sta-

101 2087 335 2124 tuarum.
382 2074 474 2124 Per
505 2073 812 2124 platanones
835 2068 1042 2141 patebat
1072 2070 1240 2123 aditus>
1261 2068 1324 2122 ad
1348 2069 1692 2121 natationem.
1726 2078 1965 2119 Platanona.

101 2147 243 2219 xysti
259 2165 320 2199 ex
345 2147 588 2209 Platanis,
603 2146 655 2200 id
674 2147 894 2200 nominis
913 2145 1215 2199 addiderunt
1231 2183 1246 2198 .
1280 2142 1471 2197 Ibidem
1485 2179 1503 2205 s
1522 2141 1698 2195 Palae-

100 2223 249 2285 strae,
270 2223 503 2276 Porticus
523 2259 540 2285 ,
564 2221 806 2293 Ephebea
820 2259 837 2285 ,
856 2220 1005 2275 Atria
1024 2259 1040 2284 ,
1054 2221 1274 2276 Diaetae
1292 2218 1360 2274 fic
1377 2219 1541 2274 didiae
1556 2214 1700 2289 quod

100 2298 153 2351 in
169 2299 234 2364 ijs
267 2316 356 2368 per
370 2298 507 2352 diem
531 2296 775 2352 edebatur
793 2335 810 2361 ‚
827 2301 900 2352 ait
913 2298 1079 2351 Varro
1096 2318 1110 2357 ς
1127 2297 1263 2368 apud
1288 2292 1666 2350 Iurisconsultos
1682 2327 1710 2355 ς

103 2371 453 2428 habitationes
492 2375 814 2427 amoenitatis
837 2369 983 2435 causa
1012 2374 1064 2426 in
1077 2371 1240 2427 hortis
1266 2369 1630 2426 exaedificatae
1647 2406 1662 2420 .

106 2450 322 2502 Diaetas
341 2466 510 2502 tamen
532 2451 889 2521 Hypocaustas
906 2443 1147 2503 dicebant
1161 2448 1227 2502 ad
1242 2448 1451 2502 aliarum
1469 2441 1705 2498 differen-

106 2526 231 2576 tiam
248 2561 265 2585 ,
297 2524 487 2599 quibus
503 2523 673 2579 hieme
686 2523 960 2579 vtebantur
985 2563 999 2577 .
1032 2526 1163 2595 Qis
1184 2538 1412 2577 numeret
1429 2523 1670 2592 Corycea
1687 2555 1705 2581 ‚

104 2599 417 2661 Conisteria‚
440 2600 633 2663 Stadia,
657 2599 1019 2653 Theatridia&
1039 2617 1238 2653 coetera
1257 2598 1307 2651 id
1327 2598 1526 2670 genus?
1552 2593 1706 2647 adeas

106 2674 370 2728 Andrean]
387 2677 645 2737 Raecium,
669 2677 719 2729 8<
740 2678 1114 2747 Hieronymum
1137 2674 1510 2728 Mercurialem.
1534 2673 1588 2722 ln
1610 2671 1708 2722 La-

104 2749 199 2804 bto
224 2766 393 2805 tamen
410 2751 552 2823 quod
582 2750 673 2804 fibi
693 2754 854 2822 parari
872 2750 1037 2805 scribit
1056 2751 1120 2804 ad
1136 2768 1343 2806 onrem
1361 2750 1548 2803 Cicero
1567 2746 1709 2799 laua-

1499 2823 1702 2876 bantur.

1721 1888 1981 1946 sphaeristeria

1729 2260 1902 2301 viauae.

1740 2704 1918 2755 'phrum-
