2112 3214
0 760 5 805 ἑ
86 758 220 832 Ibiq.
243 759 546 814 M.Tullium
565 760 808 812 Tironem
824 760 1094 813 Ciceronis
1108 756 1346 811 libertum
1364 755 1523 830 Vsque
1537 757 1603 811 ad
1617 758 1683 811 C.

0 857 4 871 ’
86 853 278 889 annum
296 833 600 890 consenuisse
614 832 840 888 scribunt
855 832 1099 888 Eusebius
1116 837 1168 888 δε
1186 832 1405 887 Isidorus
1419 872 1437 897 ,
1453 833 1580 906 ibiq.
1597 834 1685 886 tri-

443 152 1213 236 H15T0R1A.'
1589 182 1667 229 4⁷

343 277 579 343 Languida
592 292 704 343 quae
717 277 856 342 itffufi
872 277 1044 326 lumina
1058 292 1158 324 rore
1170 273 1340 324 leuant·->

276 344 522 392 Nimirum
535 343 655 391 locus
679 345 763 409 ipſs
774 344 853 406 sui
866 344 1098 392 Ciceronis
1109 342 1269 389 honori

343 411 448 457 Hoc
458 409 578 457 dedit
592 442 605 464 ‚
623 409 705 456 hac
717 407 874 473 fontes
889 425 989 455 cum
1004 406 1215 472 patefecit
1226 417 1332 470 ope,-

275 475 343 523 Vt
356 476 568 537 quoniam
582 482 726 522 totum
740 474 904 539 legitur
911 473 1016 535 stne
1025 473 1131 538 fine
1153 484 1238 535 per
1252 471 1416 528 orbem,

344 541 447 586 Sint
455 539 606 602 plures
623 539 755 586 oculis
767 555 880 604 quae
896 539 1158 586 medeantur
1175 553 1330 601 aquae.

0 662 1 671 ,
173 605 245 661 C.
262 604 510 661 Antistius
526 609 690 661 Vetus
713 644 730 670 ,
759 608 850 679 qui
872 602 1102 660 Caesaris
1120 620 1286 676 partes
1305 602 1442 658 bello
1457 603 1595 659 ciuili
1611 601 1684 659 se-
1724 641 1973 694 Antistiusve-

0 678 6 732 3
86 699 279 754 quutus
297 681 463 737 fuerat
478 722 494 746 ,
511 684 619 754 post
647 683 918 737 Ciceronis
937 681 1143 736 caedem
1162 719 1179 744 ,
1210 680 1385 735 villam
1399 680 1615 752 possedit
1629 721 1644 734 .
1723 708 1790 736 tus.

1736 815 1820 855 'Tiro
1834 816 1978 854 libertus

84 910 333 981 buslibris
351 912 619 966 Ciceronis
635 912 796 966 vitam
812 909 955 965 fuiffe
968 909 1293 981 complexum
1307 948 1325 974 ,
1342 908 1509 964 scribit
1524 907 1686 963 Asco-
1744 875 1932 911 etceronn.

0 992 2 996 ’
85 989 199 1041 nius
220 988 472 1041 Pedianus
491 1027 505 1040 .
535 990 653 1041 Hoc
669 985 764 1040 fibi
780 985 1002 1041 tribuant
1022 985 1325 1049 Puteolani,
1348 985 1686 1041 Puteolanam

84 1060 424 1117 Academiam
441 1061 569 1116 nihil
583 1060 790 1118 Atticae
806 1060 1056 1126 ceffiffe,&
1074 1062 1303 1116 Platonis
1321 1062 1688 1116 aemulatorem

82 1136 387 1210 Arpinatem
401 1137 760 1210 Philosophiae
776 1139 952 1193 latices
969 1141 1021 1192 in
1038 1156 1101 1192 eo
1115 1136 1384 1212 gymnafio
1400 1176 1418 1202 ,
1443 1140 1497 1192 in
1512 1139 1574 1206 ijs
1592 1136 1690 1190 ho·-

83 1217 151 1283 ris
166 1213 406 1286 aperuisse
424 1254 439 1278 ,
471 1219 522 1270 δε
541 1217 593 1269 in
610 1233 723 1269 eam
739 1215 932 1270 Villam
947 1211 1205 1268 Musarum
1224 1216 1456 1268 omnium
1472 1213 1690 1268 domici-

84 1291 213 1345 lium
229 1290 323 1346 esse
339 1291 640 1345 traduEtum.
653 1294 779 1345 Non
794 1292 971 1363 itaque
985 1288 1120 1345 Vrbs
1138 1288 1368 1344 feliciora
1384 1288 1469 1345 sua
1484 1287 1691 1362 prospe-

88 1369 246 1422 Ct'auit
259 1368 432 1421 Rostra
444 1405 461 1430 ,
480 1365 635 1440 quam
650 1364 993 1421 Dicaearchia
1009 1367 1234 1437 porticus
1259 1367 1651 1421 CiceronianOS.

88 1445 206 1499 Nec
226 1442 504 1496 feliciorem
536 1445 752 1497 Romam
782 1442 985 1514 appello
1013 1443 1260 1514 quoniam
1278 1445 1478 1497 Patrem
1496 1445 1690 1514 patriae

88 1520 320 1582 coluerit,
337 1518 493 1591 quam
511 1519 773 1582 Pute0105,
793 1520 886 1591 qui
903 1517 1219 1573 Academiae
1234 1518 1483 1574 cultorem
1502 1519 1691 1574 fuerint

89 1598 319 1652 venerati
351 1636 363 1648 .
391 1599 506 1649 Hoc
523 1612 691 1649 tamen
715 1595 956 1668 lugeant,
995 1593 1140 1667 quod
1160 1595 1489 1668 eloquentiae
1515 1596 1691 1658 locus,

92 1674 272 1726 ouium
297 1671 526 1726 balatum
548 1710 564 1735 ,
596 1676 647 1725 δε
673 1673 927 1743 pastorum
945 1673 1112 1744 iurgia
1132 1670 1329 1726 resonat
1346 1710 1364 1735 ,
1379 1674 1574 1726 &tanti
1596 1674 1692 1726 viri

91 1766 245 1804 voces
272 1749 401 1801 inter
428 1766 602 1819 vepres
621 1749 876 1820 perierunt
899 1787 913 1801 .
953 1747 1097 1802 Dum
1127 1748 1286 1802 littori
1319 1749 1441 1804 villa
1457 1747 1694 1820 imposita

94 1841 220 1887 erar,
237 1841 292 1878 vt
308 1825 380 1878 ait
399 1825 611 1887 Plinius,
634 1842 774 1878 mare
789 1843 925 1878 nunc
941 1821 1173 1878 receffiffe
1188 1822 1560 1898 cognoscimuS,
1575 1842 1707 1895 pro-⁴

93 1918 266 1973 pterea
283 1898 426 1972 quod
442 1901 723 1955 Toletanus
740 1919 861 1974 ager
877 1901 1001 1955 mari
1036 1919 1098 1954 eo
1113 1902 1289 1971 tepore
1318 1917 1426 1955 erat
1439 1898 1664 1972 perfusus
1680 1940 1708 1965 .,

93 1974 337 2046 Aedificij
357 1977 767 2047 amplitudinem,
786 1977 837 2030 id
853 1976 997 2050 quod
1010 1978 1371 2049 parietinarum
1387 1978 1571 2049 reliqui
1595 1979 1664 2031 est
1677 2016 1693 2040 ,

94 2052 342 2125 patefacit
359 2094 371 2106 .
391 2053 564 2107 Hodie
582 2091 597 2116 ,
615 2055 897 2107 Cicerones
913 2092 930 2117 ,
947 2068 1138 2108 vocant
1158 2093 1170 2106 .
1202 2055 1446 2123 Repetere
1463 2052 1603 2107 haud
1620 2055 1698 2124 pi-

98 2145 214 2202 get,
234 2126 518 2182 Adrianum
541 2132 932 2200 Imperatorem,
966 2147 1081 2183 cum
1096 2130 1235 2196 Baijs
1255 2127 1481 2198 obijffet,
1517 2131 1569 2182 in
1597 2128 1696 2183 hac

99 2205 240 2260 Villa
254 2202 397 2258 fuisse
413 2203 662 2276 sepultum
678 2228 691 2266 ;
724 2209 774 2259 &
791 2204 1115 2260 Antoninum
1130 2243 1148 2269 ,
1169 2202 1383 2277 sepulcri
1398 2206 1516 2260 loco
1529 2243 1547 2269 ,
1568 2221 1698 2259 tem-

97 2281 239 2353 plum
260 2280 328 2333 ibi
346 2279 644 2334 aedificasse.

125 2382 128 2386 ’
174 2357 419 2411 Celebres
447 2357 579 2411 adde
595 2356 674 2410 his
695 2355 872 2411 hortos
891 2375 1023 2430 quos
1048 2360 1222 2412 Petrus
1240 2356 1267 2412 ὲ
1283 2358 1470 2412 Toleto
1489 2355 1694 2411 exaedi-
1723 2368 1763 2404 H
1770 2366 1839 2427 orti
1855 2365 1896 2404 T
1889 2365 1958 2403 ole-

100 2430 275 2486 ficauit
290 2472 306 2496 ,
325 2435 534 2505 quando
553 2435 805 2487 reuocatis
823 2432 1116 2488 Puteolanis
1149 2436 1238 2506 qui
1256 2451 1563 2489 terraemotu
1582 2435 1705 2504 per?
1723 2430 1816 2459 '‘m''

98 2510 256 2562 territi
274 2546 290 2571 ,
307 2526 550 2579 prorupto
565 2511 766 2563 cinereo
782 2526 957 2563 monte
975 2548 991 2572 ,
1023 2512 1073 2562 in
1091 2509 1214 2563 alias
1229 2508 1367 2564 sedes
1388 2513 1695 2582 commigra-

98 2599 215 2637 runt
232 2621 248 2645 ,
264 2583 398 2638 vrbis
417 2584 756 2656 frequentiam
775 2586 1012 2638 restituit.
1047 2583 1259 2656 Aquam
1287 2604 1557 2656 perennem
1581 2603 1695 2656 per-

99 2660 247 2713 duxit
265 2698 281 2721 ,
296 2677 431 2730 quae
447 2664 497 2713 &
513 2659 551 2713 fi
572 2661 787 2714 calidam
807 2659 1098 2715 bibentibus
1116 2660 1162 2714 se
1178 2659 1344 2723 offert,
1362 2667 1382 2727 (
1399 2661 1694 2715 calidiorem

97 2737 227 2789 inter
240 2738 381 2808 ignes
404 2737 760 2801 existimarem)
786 2734 1160 2790 saluberrimam
1177 2753 1347 2790 tamen
1363 2737 1696 2810 degustadam

97 2810 352 2885 obiiciunt
380 2828 541 2886 terrae
567 2830 726 2868 venae
755 2830 843 2885 per
860 2831 987 2886 quas
1005 2811 1116 2868 fluit
1144 2851 1157 2866 .
1189 2813 1290 2867 Sed
1303 2816 1527 2886 optimus
1554 2815 1696 2867 Prin-

514 2901 523 2918 f
1579 2902 1693 2952 ceps
