2112 3214
709 140 1199 198 LIBER.
1665 153 1744 209 m¹

146 257 272 311 riern
304 269 623 310 remouentes
647 294 661 307 .
702 258 823 330 Qa
838 273 1042 328 propter
1054 275 1146 310 nec
1161 255 1190 310 ὲ
1206 251 1339 308 ferro
1355 250 1595 308 videntur
1624 252 1745 306 alie-

145 350 242 387 nae
258 372 272 387 .
314 330 361 384 A
395 332 563 404 longis
594 330 819 386 febribus
854 333 1074 386 liberant
1092 372 1105 385 .
1144 333 1324 400 Caput
1339 332 1390 382 ὃς
1404 329 1621 399 splenem
1641 325 1745 381 effi·-

146 406 394 464 caciffime
411 408 660 461 adiuuant
676 447 691 471 ,
709 427 994 480 eorumque
1010 409 1212 463 dolores
1231 421 1402 460 arcent
1417 443 1434 468 ,
1451 400 1747 459 confortant

147 483 345 538 debiles
364 523 381 547 ,
397 488 447 538 δε
466 481 763 554 consumpta
782 485 1008 539 membra
1025 486 1303 539 restaurant
1316 522 1330 537 .
1353 480 1405 535 A
1425 480 1674 537 breuitate
1692 479 1748 536 id

146 563 370 615 nominis
389 558 503 615 sunt
519 557 768 614 assecutae
783 600 798 614 .

375 673 647 739 Culinae
667 715 687 746 ‚
708 670 812 736 vel
830 669 1104 737 Culmae
1124 677 1188 737 &
1210 667 1485 736 Petrolei
1504 721 1520 737 .

219 805 357 859 Inter
368 803 701 860 bituminosas
718 804 936 858 Petrolei
952 806 1159 858 nomine
1172 804 1363 858 multae
1379 820 1627 876 aquarum
1644 798 1749 858 scass

146 879 319 936 tebrae
335 921 351 945 2
369 885 609 955 quamuis
627 886 678 936 &
696 884 829 935 nitro
849 883 1074 935 constent
1089 919 1104 944 ,
1121 879 1308 934 blande
1324 897 1619 953 p111⁴ganteS‚
1639 876 1751 933 sub-

145 975 351 1012 amarae
367 996 384 1022 ,
404 963 454 1012 δε
473 962 617 1032 graui
633 958 793 1013 odore
814 959 1127 1029 reperiuntur
1146 997 1158 1009 .
1177 959 1233 1009 In
1253 956 1400 1011 Italia
1413 957 1584 1010 multis
1602 957 1653 1008 in
1671 955 1750 1008 lo-

143 1035 217 1087 cis
235 1031 445 1098 scatent,
471 1040 522 1089 δε
544 1038 687 1089 Senis
705 1053 806 1088 non
826 1033 984 1106 longe
999 1032 1062 1086 ab
1077 1032 1236 1086 Arbia
1251 1032 1480 1095 flumine,
1498 1030 1603 1085 ibid
1610 1048 1748 1103 emq.

142 1109 211 1164 ad
232 1113 369 1165 viam
395 1114 701 1165 maritimam
723 1113 979 1165 Petroium
1001 1109 1280 1164 Castellum
1297 1145 1314 1170 ,
1343 1106 1430 1161 vbi
1459 1107 1750 1161 Petroleum

145 1203 352 1240 emanat
371 1226 384 1238 .
427 1189 493 1240 Et
510 1186 707 1240 Viterbi
712 1191 727 1256 j
751 1206 854 1240 non
872 1186 1092 1258 procula
1107 1184 1250 1240 fonte
1281 1187 1499 1238 Grottae
1526 1182 1751 1254 percele-

142 1260 220 1315 bri
242 1300 257 1325 ‚
288 1263 462 1316 calore
480 1267 617 1317 tao'tu
634 1267 683 1317 δε
704 1261 909 1317 effentia
929 1279 1238 1334 temperatae
1252 1299 1268 1324 ,
1299 1277 1612 1331 quapropter
1627 1276 1750 1329 pue-

142 1339 210 1392 ris
225 1376 241 1400 ,
273 1341 325 1391 δε
352 1339 585 1393 delicatis
602 1341 792 1393 naturis
807 1340 1047 1410 perutiles
1067 1379 1080 1392 .
1121 1337 1322 1392 Multae
1341 1336 1519 1391 itidem
1536 1338 1586 1389 in
1603 1335 1752 1389 Baia-

141 1432 214 1467 no
231 1416 633 1487 Tripergulanae
651 1454 666 1478 ‚
686 1416 818 1469 Solis
836 1420 887 1471 <Sc
902 1418 1078 1470 Lunae
1092 1433 1155 1469 eo
1172 1414 1378 1468 nomine
1400 1412 1748 1467 celebrantur.

141 1490 277 1546 Tum
299 1492 383 1543 Cu
399 1493 498 1543 lma
517 1492 581 1545 ad
604 1491 890 1556 Auernum,
906 1496 954 1546 in
974 1490 1160 1563 quibus
1179 1506 1349 1551 tamen
1367 1492 1530 1543 maior
1544 1486 1750 1557 sulphu-

139 1568 207 1620 ris
225 1571 400 1637 portio
417 1565 734 1639 dignoscitur
754 1607 769 1630 ,
784 1567 975 1623 idcirco
991 1566 1272 1622 exiccando
1289 1567 1593 1621 valentiores
1610 1601 1625 1625 ,
1653 1564 1751 1615 mi-

141 1638 339 1715 nusque
358 1645 674 1697 emollientes
690 1683 702 1696 .
740 1648 910 1698 Huius
924 1662 1092 1698 tamen
1109 1644 1305 1717 generis
1322 1660 1488 1715 aquae
1505 1636 1750 1696 absterso-

140 1721 266 1773 riam
289 1718 482 1773 habent
498 1722 757 1781 virtutem,
780 1719 1009 1792 omnesq.
1029 1724 1159 1773 cutis
1179 1719 1405 1772 maculas
1420 1757 1436 1782 ,
1457 1717 1748 1791 prurigino-

141 1793 216 1849 sas
236 1794 380 1849 fimul
397 1800 447 1849 δε
467 1794 731 1849 ichorosas
752 1801 988 1850 exiccant
1005 1836 1017 1848 .
1038 1798 1352 1850 ContraCtae
1371 1790 1747 1853 emolliunt2di-

142 1872 487 1945 stenduntque
510 1870 778 1925 conuulsos
799 1891 981 1925 neruos
999 1910 1014 1934 ,
1032 1869 1182 1924 crassa
1201 1887 1478 1925 extenuant
1493 1884 1708 1943 corpora
1726 1903 1744 1928 ‚

142 1948 395 2001 fluxiones
413 1948 586 2002 sistunt
606 1986 621 2009 ,
641 1949 940 2020 grauedines
960 1967 1018 2000 ac
1037 1947 1332 2000 raucedines
1346 1984 1362 2009 ‚
1399 1951 1449 2001 ἃ
1469 1966 1670 2005 coetera
1686 1942 1741 1995 id

141 2043 302 2097 genus
321 2041 504 2094 epotae
523 2027 799 2094 corrigunt.
821 2025 1018 2077 Eodem
1037 2040 1216 2075 omnes
1236 2040 1402 2093 aquae
1423 2024 1615 2080 imbute
1630 2026 1744 2081 sunt

140 2118 334 2169 vapore
354 2137 369 2162 ,
390 2118 523 2171 quae
537 2097 768 2169 soporem
787 2101 1034 2153 inducunt
1052 2136 1067 2160 ,
1086 2097 1168 2151 vel
1188 2115 1343 2167 caput
1357 2117 1601 2171 granant,
1633 2102 1743 2158 sen-

139 2173 270 2247 susq.
288 2175 596 2229 obtundunt.
619 2174 789 2227 Habet
805 2174 898 2228 has
916 2174 1142 2227 bitumen
1156 2177 1477 2243 operationes
1492 2217 1505 2230 .
1527 2177 1575 2230 A
1593 2197 1740 2232 mon-

141 2268 191 2305 te
211 2254 300 2322 qui
322 2251 654 2321 supereminet
670 2288 686 2312 ,
721 2249 790 2302 ob
806 2251 1128 2305 altitudinem
1142 2286 1161 2314 ,
1191 2250 1382 2306 Culma
1400 2250 1427 2306 a
1444 2257 1736 2312 Franciotto

140 2330 327 2382 dicitur
345 2367 361 2391 ,
380 2331 431 2382 &
450 2325 686 2399 corrupte
707 2327 903 2381 Culina
922 2366 936 2380 .

690 2439 848 2506 Solis
873 2447 936 2507 δε
957 2438 1180 2508 Lunae
1211 2490 1226 2505 .

220 2528 304 2583 Ob
334 2549 582 2602 aquarum
616 2536 968 2589 excellentiam
987 2554 1120 2607 quae
1135 2535 1350 2589 coeteris
1367 2536 1584 2605 praestat
1599 2574 1614 2598 ,
1632 2530 1733 2588 hoc

142 2607 455 2677 praeclarum
476 2628 663 2663 nomen
684 2629 896 2680 paruum
925 2611 1026 2664 hoc
1046 2611 1343 2665 Balneolum
1364 2614 1431 2663 est
1451 2611 1734 2682 consequu-

143 2699 248 2736 tum
269 2723 279 2735 .
304 2686 395 2736 Per
414 2687 584 2738 ruinas
603 2690 930 2758 antiquorum
947 2686 1296 2740 aedificiorum
1317 2686 1377 2739 eo
1393 2685 1730 2757 descenditur,

140 2759 442 2832 diredtumq.
461 2762 743 2826 inuenitur,
759 2767 809 2817 ὃς
825 2766 952 2817 mari
966 2778 1277 2834 occupatum
1296 2801 1308 2814 .
1354 2762 1454 2818 Sed
1473 2762 1662 2819 defoffa
1681 2781 1736 2817 a-

1279 2840 1322 2884 H
1588 2855 1700 2886 rena
1713 2871 1730 2897 ‚
