2112 3214
360 130 482 184 178
743 119 1589 184 PVTEOLANA

350 236 709 308 quoniamnec
726 234 887 309 longo
902 237 1096 291 itiner-is
1123 235 1338 310 spacioa
1360 238 1408 296 se
1426 239 1675 298 seiunctae
1689 242 1830 309 sunt,
1861 263 1958 307 nec

351 317 375 379 (
391 314 614 384 peccatis
631 311 976 377 facientibus)
1010 331 1150 368 tanta
1168 317 1345 386 populi
1365 320 1642 375 multitudo
1658 325 1726 376 est
1743 362 1758 386 ,
1786 340 1843 377 vt
1858 321 1958 376 sin-

348 389 499 462 gulos
518 427 535 453 2
554 386 684 443 ficut
700 390 824 442 olim
846 389 946 444 fuit
961 388 1149 444 habere
1167 391 1353 446 debeat
1370 395 1687 451 Sacerdotes,
1705 401 1843 470 Qiia
1861 402 1874 453 i
1882 401 1960 472 gi·-

349 482 436 520 tur
448 467 674 521 Cumani
691 466 833 519 castri
864 466 1115 521 Sacerdos
1143 466 1344 522 cursum
1362 472 1498 523 vitae
1526 471 1678 526 huius
1701 475 1960 545 expleuit,

350 540 590 614 vtrasque
608 561 700 595 nos
724 541 975 597 Ecclefias
991 540 1260 613 praesentis
1284 548 1599 601 auetoritatis
1626 553 1813 621 pagina
1828 549 1962 606 vnis-

351 616 400 677 se
416 657 433 682 ,
450 618 601 690 tibiq.
622 616 922 673 commisisse
937 617 1209 692 cognosce,
1224 624 1544 694 propriumq.
1562 641 1844 698 vtrarumq.
1862 629 1963 682 Ec-

351 692 620 749 clefiarum
638 691 763 747 scito
783 711 832 747 te
850 693 945 748 effe
965 694 1265 751 Pontificem
1284 738 1298 751 .
1318 699 1558 753 Illustriss.
1584 704 1833 755 Batonius
1848 700 1964 756 An-

351 770 455 825 nal.
475 775 658 825 tom.8.
673 773 883 841 exponit
899 769 1173 842 impensam
1189 793 1361 828 curam
1377 794 1535 848 quam
1553 779 1659 849 egit
1676 780 1963 851 Gregorius

349 848 648 902 vacantium
681 845 1021 902 Ecclefiarum
1051 848 1216 904 donec
1233 851 1542 924 eligerentur
1555 851 1792 924 Episcopi
1811 893 1828 918 ,
1851 857 1966 910 Ne-

348 920 554 995 pefinae
583 960 600 985 ,
638 922 965 995 Liparitanae
994 962 1012 988 ,
1039 925 1314 981 Cumanae
1345 934 1366 994 (
1396 930 1480 981 cui
1508 927 1811 984 Misenatem
1839 949 1968 984 con-

349 1000 556 1064 iunxit)
579 996 839 1054 Lisstanae
857 1038 875 1064 ,
904 1003 1213 1056 Tauritanae
1233 1042 1249 1067 ,
1283 1003 1643 1058 Crotoniensis
1660 1045 1679 1070 ,
1711 1007 1964 1074 Velinae,

349 1076 671 1141 vicentinae,
688 1076 1037 1133 Blanderanae
1054 1115 1073 1142 ,
1091 1077 1619 1135 Triumtabernarum.

983 1203 1307 1298 Episcopi.

391 1324 436 1382 L
453 1328 529 1385 1ss
547 1327 589 1381 E
604 1328 648 1382 R
663 1328 686 1382 1
705 1327 757 1382 V
774 1327 807 1382 S
825 1365 844 1391 ,
883 1344 993 1400 quo
1009 1345 1233 1392 mortuo³
1252 1332 1534 1382 Fortunato
1557 1325 1810 1403 Episcopo
1824 1327 1970 1387 Nea}

352 1405 588 1480 politano
603 1406 872 1459 Cumanae
885 1404 1145 1460 Ecclesiae
1160 1403 1389 1460 visitatio
1404 1405 1761 1460 demandatur.

394 1483 436 1536 R
455 1480 504 1537 A
520 1483 613 1536 IN
629 1480 677 1535 A
694 1482 734 1534 L
754 1483 807 1537 D
824 1483 874 1535 V
888 1484 922 1536 S
939 1522 954 1535 .
983 1485 1137 1536 Hunc
1157 1481 1322 1555 aliqui
1338 1483 1636 1537 Cumanum
1651 1479 1967 1554 Episcopum

354 1555 453 1615 effe
472 1557 823 1621 contendunt,
853 1558 921 1612 ad
950 1576 1108 1631 quem
1134 1556 1164 1612 a
1184 1554 1442 1631 Gregorio
1460 1574 1604 1612 extat
1632 1559 1842 1629 epistola
1869 1576 1975 1631 qua

355 1652 472 1689 eum
487 1633 688 1689 videtur
707 1635 913 1705 plurimi
930 1633 1098 1689 facere
1114 1673 1131 1698 ,
1150 1632 1439 1707 hortaturq.
1456 1651 1511 1689 vt
1532 1635 1747 1688 Romam
1772 1637 1978 1699 veniat,

355 1709 467 1766 tum
486 1708 632 1764 causa
650 1710 1008 1766 conciliandae
1027 1713 1168 1782 pacis
1185 1729 1300 1767 cum
1319 1712 1547 1764 Henrico
1567 1712 1735 1785 Rege,
1757 1710 1866 1765 tum
1883 1729 1979 1783 pro

356 1784 507 1842 causa
524 1785 894 1859 Episcoporum
912 1787 1342 1842 Lombardorum.
1373 1787 1431 1842 Id
1447 1784 1614 1841 effecit
1638 1805 1695 1859 vt
1713 1785 1848 1842 hanc
1863 1789 1977 1858 opi-

356 1866 564 1918 nionem
583 1862 943 1934 improbarem,
959 1867 1010 1918 &
1028 1882 1132 1917 non
1156 1866 1469 1926 Cumarum,
1490 1860 1573 1917 sed
1597 1864 1753 1917 Comi
1777 1865 1827 1916 in
1849 1863 1978 1918 Gal-

360 1941 430 1995 lia
446 1938 709 2011 Cisalpina
728 1937 1279 2012 Episcopumcenseam
1297 1979 1309 1991 .
1331 1939 1470 1993 Cum
1496 1941 1651 1993 etiam
1671 1939 1811 2010 apud
1834 1940 1980 1994 Luit-

361 2015 614 2089 prandum
629 2054 644 2078 ,
676 2015 793 2071 cum
807 2017 1138 2088 Berengarius
1171 2014 1200 2069 ὲ
1233 2016 1421 2068 Sueuia
1437 2016 1488 2068 in
1510 2015 1708 2068 Italiam
1730 2013 1942 2070 veniffet
1961 2054 1981 2080 ‚

363 2110 539 2164 eumq.
570 2090 794 2146 Manaffe
823 2088 1117 2145 Arelatense
1146 2089 1400 2162 Episcopo
1417 2092 1708 2145 inimicitias
1727 2090 1942 2146 haberet
1956 2130 1976 2156 ,

363 2165 615 2223 Manaffes
635 2167 949 2222 Adelardum
971 2167 1233 2240 quendam
1254 2165 1538 2231 accersiuit,
1557 2166 1845 2240 pr‘omifitq.
1861 2186 1980 2223 eum

364 2245 673 2298 donaturum
690 2240 1022 2315 Episcopatus
1042 2246 1270 2299 Cumani
1287 2244 1536 2317 dignitate
1552 2282 1569 2307 ,
1590 2242 1629 2297 fi
1651 2243 1781 2315 quid
1800 2242 1980 2299 contra

364 2323 725 2394 Berengarium
742 2321 1021 2374 moliretur.
1056 2320 1261 2375 Deinde
1278 2339 1380 2373 non
1397 2319 1737 2382 Adelardum‚
1753 2316 1837 2374 sed
1853 2319 1981 2375 Val-

362 2398 559 2452 donem
575 2396 832 2469 quendam
850 2395 1252 2451 Mediolanenfis
1280 2393 1610 2468 Episcopatus
1630 2397 1794 2469 gratia
1808 2434 1826 2460 ‚
1859 2397 1983 2467 Epi-

367 2471 575 2544 scopum
594 2474 892 2527 Cumanum
913 2474 1187 2527 constituit.
1218 2475 1284 2526 Et
1302 2490 1474 2526 tamen
1490 2473 1759 2526 Cumanos
1777 2470 1986 2543 Episco-

367 2567 462 2622 pos
484 2548 697 2621 fimplici
716 2552 925 2602 nomine
945 2587 961 2612 ,
977 2551 1027 2602 δε
1046 2547 1327 2621 aliquando
1342 2586 1359 2612 ,
1375 2567 1492 2602 cum
1511 2548 1796 2603 adiectione
1819 2550 1984 2604 Cam-

367 2629 582 2698 paniae,
597 2627 807 2695 reperio,
835 2624 994 2698 Qod
1019 2641 1190 2679 autem
1208 2625 1273 2679 ad
1302 2626 1532 2680 Comum
1546 2622 1733 2696 speEIat
1750 2663 1768 2688 ,
1789 2624 1910 2678 dum
1928 2626 1983 2679 in

370 2702 617 2756 Concilio
642 2700 967 2757 Lateranenfi
983 2698 1071 2755 sub
1096 2700 1226 2755 Iulio
1243 2703 1317 2755 ΙΙ.
1337 2702 1526 2774 legitur
1545 2740 1562 2765 ,
1578 2700 1904 2756 Reuerendus
1921 2704 1980 2755 Ρ.

365 2778 628 2835 Dominus
645 2780 678 2836 S
697 2781 748 2837 C
769 2779 820 2834 A
832 2781 884 2835 R
898 2777 948 2834 A
967 2780 1026 2835 M
1043 2780 1091 2835 V
1106 2779 1145 2834 Z
1161 2780 1199 2833 Z
1214 2777 1265 2834 A
1284 2776 1566 2854 Episcopus
1579 2778 1987 2841 Cumanus,Cu‹

1805 2872 1990 2910 manae
