2112 3214
0 1154 2 1175 l

0 1221 3 1248 1

0 1272 4 1346 l

641 142 1126 200 LIBER.
1601 160 1671 203 19

75 272 171 308 nus
189 253 444 307 Bretolam
457 270 611 308 vocat
626 293 641 317 ,
661 251 867 308 fortasse
886 255 1025 309 vocis
1055 252 1384 307 similitudine
1401 252 1644 324 deceptus
1662 291 1677 308 .

75 331 212 384 Inter
228 333 442 383 nitratos
458 329 629 385 fontes
648 332 966 385 constituitur
981 370 997 394 ,
1026 332 1118 402 qui
1134 347 1309 384 tamen
1323 348 1436 382 aere
1463 327 1608 382 simul
1626 333 1678 383 &

73 403 314 477 sulphure
333 424 434 460 non
453 407 780 460 mediocriter·
793 409 1063 477 participat
1081 445 1095 459 .
1137 404 1396 477 roirca
1412 423 1514 457 non
1547 402 1678 459 adeo

74 479 226 536 soluit
243 481 313 536 ob
327 480 577 553 sulphuris
597 500 829 536 tenacem
847 483 1126 537 siccitatem
1144 519 1161 544 ,
1190 480 1471 552 temperate
1489 479 1678 534 calefa-

72 560 212 612 ciens
231 599 245 613 .
290 567 372 610 Ex
384 572 554 609 natura
581 573 730 609 tamen
754 564 868 608 aeris
887 559 1091 630 (inquit
1107 556 1289 611 Elifius
1306 562 1327 620 )
1336 560 1676 624 groffasfhuces

55 637 270 702 subtiliat
284 672 300 698 ‚
315 635 626 688 Broncaulas
653 652 843 689 vocant
857 674 871 689 .
912 636 1141 688 Raucam
1156 652 1344 687 vocem
1361 632 1554 687 ebibita
1571 633 1677 687 cla-

71 729 182 765 ram
199 711 553 770 reddit30culis
573 714 625 764 ὃς
642 728 961 766 coeterorum
978 706 1205 765 sensuum
1221 711 1363 780 vitijs
1377 710 1677 782 opitulatur.

70 786 281 862 Longas
296 784 465 844 febres
481 805 743 842 remouere
758 787 973 841 credunt
985 826 999 838 .

673 894 1029 985 Speluncae
1058 940 1075 957 .

147 1026 232 1079 Sic
251 1023 441 1079 dietum
459 1021 487 1078 a
502 1022 758 1095 Spelunca
771 1024 822 1077 in
841 1042 946 1111 qua
967 1025 1228 1079 lauacrum
1246 1026 1316 1079 est
1329 1065 1343 1078 .
1384 1024 1437 1080 A
1470 1026 1677 1082 Galeno

0 1116 1 1134 ³
65 1097 305 1172 scriptum
321 1100 560 1155 tradunt
577 1099 615 1154 fi
633 1101 751 1172 quis
770 1103 1002 1188 quinque
1018 1100 1276 1157 drachmis
1292 1101 1443 1155 huius
1463 1102 1674 1156 calentis

0 1187 2 1219 ἒ
67 1194 238 1249 aquae
255 1175 467 1250 singulis
483 1159 662 1231 diebus
678 1175 892 1240 biberit,
918 1179 968 1230 in
990 1176 1230 1231 membris
1247 1195 1384 1250 quae
1397 1176 1678 1251 diaphrag-

69 1272 191 1308 mae
210 1254 479 1317 adiacent,
508 1271 659 1324 opem
680 1256 731 1306 &
747 1253 901 1306 robur
915 1270 1357 1341 comparaturum.
1462 1273 1576 1308 uem
1596 1271 1675 1309 ta-

71 1348 192 1384 men
226 1330 397 1383 locum
430 1328 676 1401 nusquam
710 1331 761 1382 in
794 1329 997 1384 Galeno
1029 1331 1275 1402 reperies.
1319 1331 1693 1405 Hydropicis,·

70 1404 181 1461 tuffi
196 1443 263 1480 ,ὓ
233 1422 409 1460 <turrae
427 1408 496 1460 est
512 1405 840 1460 adiumento.

722 1511 1049 1577 Feniculi.

145 1639 281 1692 Inter
298 1656 435 1691 mare
451 1654 709 1692 mortuum
729 1675 744 1700 ,
761 1640 812 1691 &
830 1635 1086 1691 Misenum
1103 1653 1329 1691 montem
1349 1677 1365 1702 ,
1383 1639 1512 1693 inter
1528 1657 1673 1713 agre-

70 1717 165 1772 stes
179 1713 434 1768 feniculos
454 1733 589 1786 aqua
611 1731 813 1768 emanat
827 1752 843 1777 ,
877 1717 956 1768 cui
975 1714 1142 1767 frutex
1159 1715 1244 1768 ille
1261 1733 1449 1768 nomen
1467 1718 1640 1770 attulit
1656 1754 1676 1780 ,

73 1810 211 1866 quae
225 1791 463 1862 &lippos
483 1791 662 1844 oculos
683 1790 921 1863 abstergit
936 1829 952 1853 2
976 1795 1025 1844 ὃς
1042 1809 1217 1844 eorum
1242 1793 1411 1845 vlcera
1430 1789 1570 1847 sanat
1590 1831 1607 1857 ,
1622 1796 1676 1847 &

83 1869 311 1926 maculas
327 1868 463 1922 delet
475 1906 491 1931 2
511 1871 562 1922 δε
584 1868 852 1920 oculorum
870 1869 1029 1920 aciem
1045 1868 1214 1921 reddit
1227 1868 1541 1923 illustriorem
1559 1909 1574 1922 .

265 1997 489 2047 QVAE
550 1995 1091 2035 PITHECVSIS
1145 1997 1488 2035 EXTANT

73 2106 140 2159 Et
152 2103 462 2177 Chirurgiae
480 2103 787 2165 doCtrina,&
802 2103 1102 2159 Balnearum
1119 2104 1170 2155 in
1184 2101 1408 2158 Aenaria
1421 2102 1584 2161 Insula
1600 2108 1677 2160 in·-

16 2202 18 2206 ’
71 2183 315 2236 uentione
333 2219 349 2243 ,
364 2181 521 2233 lulius
542 2177 785 2233 Iasolinus
809 2182 1084 2233 maximam
1101 2177 1200 2232 fibi
1231 2180 1448 2253 gloriam
1468 2200 1677 2254 compa-

18 2281 20 2322 ς
71 2260 234 2312 rauit.
278 2256 363 2309 An
380 2254 500 2310 vero
515 2256 634 2310 huic
664 2258 775 2309 viro
805 2256 1080 2310 Aenariam
1115 2272 1320 2311 tantum
1336 2257 1520 2311 debere
1538 2262 1673 2314 clice-

19 2337 22 2398 ἰ
70 2354 214 2389 mus.
198 2337 219 2375 Ρ
261 2333 451 2387 Orbem
467 2331 628 2404 ipsum
648 2333 921 2403 plurimum
944 2331 1128 2387 debere
1162 2330 1560 2399 affirxnabimUS‚
1590 2338 1673 2389 cui

20 2408 24 2483 ξ
74 2412 140 2465 ad
159 2409 421 2464 sanitatem
438 2410 715 2472 tuendam,
732 2409 796 2462 ad
811 2409 1140 2481 depellendos
1172 2409 1413 2463 morbos
1401 2430 1452 2464 m
1485 2429 1545 2465 ea
1560 2410 1675 2465 feli-

74 2485 260 2540 ciffima
278 2484 440 2539 Insula
465 2484 820 2539 saluberrimae
835 2505 955 2560 aqu
944 2505 1002 2540 ae
1020 2487 1129 2539 eius
1146 2502 1299 2557 opera
1314 2503 1520 2558 patent.
1563 2490 1675 2541 De-

23 2561 161 2617 bet
176 2580 340 2634 quoq.
360 2561 624 2616 Francisco
647 2561 944 2617 Lombardo
977 2564 1068 2636 qui
1085 2579 1168 2618 eas
1192 2581 1320 2635 quas
1339 2580 1554 2618 nouerat
1567 2582 1674 2618 car-

79 2638 302 2694 minibus
318 2639 605 2694 illustrauit.

26 2730 29 2755 A

1085 2871 1130 2919 H
1202 2888 1230 2919 2
1499 2874 1683 2937 Aqua<-
