2112 3214
459 129 1242 197 HISTORIA,
1574 155 1691 200 151

94 241 215 296 tatus
226 244 278 296 ln
293 242 573 299 maritimam
584 247 613 293 I
613 243 748 296 taliae
761 260 890 295 oram
904 249 1077 297 Cumas
1091 245 1230 315 vsque
1236 244 1478 314 populatus
1491 247 1561 312 est⁰

744 354 1012 426 Gotthi.

166 485 227 542 In
242 483 348 542 hoc
365 483 614 560 oppidum
629 481 1191 553 velutimunitiffimum
1208 482 1436 540 Totilam
1452 484 1505 540 &
1523 485 1703 541 Teiam
1773 538 1779 546 ,

95 562 421 620 Gotthorum
438 566 601 638 Reges
629 562 888 636 quicquid
902 558 1184 635 praetiosae
1200 557 1524 633 supellectilis
1543 559 1706 617 habe-
1733 537 1811 582 ω·
1827 551 1843 580 ¹
1849 566 1861 579 ⁶

94 637 221 694 bant
238 679 256 705 ‚
273 638 539 713 reposuisse
553 637 723 694 scribit
733 637 1011 713 AgathiaS,
1031 635 1146 711 ijsq.
1169 635 1479 710 praefectum
1495 635 1705 713 Aliger-

94 734 221 771 num
239 735 357 772 cum
371 715 673 772 Herodiano
690 733 826 770 anno
841 716 910 771 C.
945 733 968 784 ς
984 731 1044 784 52
1059 754 1074 769 .
1099 714 1165 769 ali
1167 717 1187 784 J'
1203 732 1420 789 quoque
1437 711 1705 788 scriptores

92 793 394 865 prodiderut
412 833 426 847 .
444 796 775 865 Qapropter
789 789 980 846 Narses
1000 808 1160 864 quam
1174 793 1411 846 maximis
1432 793 1604 864 potuit
1617 792 1703 847 iti·
1730 790 1774 828 N
1775 789 1869 858 arses
1893 793 1967 854 Cu:
2030 789 2038 796 '

92 868 299 924 neribus
318 872 518 925 Cumas
537 868 805 923 contendit
825 906 843 932 ,
874 884 931 922 vt
947 869 1121 941 Regiis
1137 865 1383 923 thesauris
1396 870 1666 941 occupatis
1680 906 1700 934 ,
1726 857 1808 885 ’Μ’
1825 847 1992 888 ‘mnan‘

91 945 296 1000 Italiam
327 948 601 1019 praecipua
632 942 958 1000 Gotthorum
973 941 1087 999 sede
1105 943 1366 1000 deuastata
1380 982 1397 1007 ‚
1425 941 1622 999 miseria
1637 944 1700 999 li-

94 1019 293 1077 beraret
320 1062 335 1075 .
373 1020 654 1097 Aligernus
684 1036 855 1076 autem
871 1022 1030 1075 Teiae
1055 1022 1147 1092 qui
1170 1021 1272 1074 iarn
1289 1019 1429 1074 bello
1447 1019 1702 1078 ceciderat

94 1099 335 1154 minimus
351 1115 471 1154 natu
489 1097 642 1153 frater
658 1136 675 1162 2
691 1099 931 1172 quamuis
947 1094 1307 1152 labefactatam
1325 1094 1593 1153 Gotthorfi
1604 1114 1703 1169 po-

95 1177 310 1231 tentiam
327 1173 421 1230 effe
437 1175 773 1249 intelligeret,
811 1189 958 1228 tanto
985 1189 1155 1229 tamen
1171 1174 1330 1228 animi
1351 1171 1536 1229 robore
1550 1212 1568 1238 ‚
1587 1190 1703 1230 tan-

92 1266 206 1325 toq.
221 1252 428 1307 militari
442 1268 629 1306 conatu
648 1269 763 1305 cum
778 1250 988 1322 reliquis
1008 1249 1220 1305 Gotthis
1237 1249 1488 1322 oppidum
1502 1264 1702 1306 tutatus

90 1329 162 1384 est
177 1366 194 1392 ‚
210 1345 266 1383 vt
282 1330 541 1383 Romanus
558 1328 622 1383 de
638 1328 848 1382 vietoria
861 1328 962 1380 iam
978 1323 1264 1398 desperans,
1281 1328 1331 1380 in
1347 1327 1692 1391 Florentin08‚
1728 1356 1900 1406 Romam·
1911 1359 1991 1396 cu-

30 1415 34 1419 ’
92 1404 558 1460 Centumcellanos
574 1443 589 1468 ‚
606 1407 657 1458 δε
676 1402 1046 1458 Volaterranos
1063 1403 1195 1458 vires
1211 1402 1502 1468 intenderit,
1518 1405 1697 1477 paucis
1726 1411 1795 1448 mis
1816 1413 1994 1463 repellas*

90 1482 160 1537 ad
178 1483 374 1537 Cumas
404 1483 454 1536 in
472 1479 738 1535 obsidione
762 1478 944 1533 relic‘tis
978 1518 993 1533 .
1021 1480 1078 1533 In
1098 1495 1201 1552 qua
1219 1479 1347 1534 illud
1361 1478 1696 1537 memorabile
1728 1475 1801 1504 ‘ur‘

94 1573 303 1614 notatur
319 1597 335 1623 ‚
364 1556 508 1632 quod
525 1554 802 1631 Aligernus
817 1555 1107 1610 Palladium
1135 1558 1226 1630 qui
1256 1556 1394 1629 apud
1423 1553 1695 1613 Narsetem
1726 1581 1917 1634 Aligemu,

89 1632 161 1688 ob
179 1637 406 1706 corporis
423 1637 553 1690 vires
568 1635 843 1706 plurimum
856 1649 1076 1706 poterat,
1095 1631 1219 1689 dum
1234 1633 1473 1689 audaciter
1488 1652 1694 1691 murum
1725 1638 1964 1698 paradarum

90 1708 452 1766 conscendisset
464 1751 480 1776 ,
497 1712 656 1766 lorica
668 1710 905 1766 indutum
921 1749 938 1775 ‚
953 1730 1071 1766 cum
1084 1707 1190 1782 ipso
1205 1711 1359 1775 etiam
1376 1707 1518 1766 scuto
1535 1708 1695 1765 trans-
1723 1692 1869 1735 σφω’

85 1785 407 1849 uerberauit3
440 1804 639 1843 tantum
654 1786 748 1842 fibi
763 1789 964 1842 virtutis
984 1785 1260 1861 Aligernus
1286 1805 1404 1841 arcu
1428 1805 1696 1859 compara-

85 1878 232 1918 uerat
247 1901 261 1917 .
293 1863 550 1938 Agathias
565 1866 696 1921 inter
712 1880 915 1920 coetera
927 1865 982 1920 in
996 1882 1058 1920 ea
1078 1861 1349 1919 obsidione
1362 1861 1493 1919 haec
1508 1861 1693 1918 descri-

92 1937 195 1999 bit3
217 1940 485 1996 Narsetem
501 1939 616 1996 suos
632 1937 992 2009 adhortatum2
1003 1941 1283 1997 exercitum
1299 1940 1491 2013 oppido
1508 1940 1690 1994 admo-

91 2013 214 2070 uisse
241 2056 257 2070 .
284 2017 407 2071 lllos
427 2016 548 2073 vero
567 2016 685 2074 cum
700 2019 753 2073 in
783 2019 1051 2074 editiorem
1067 2018 1251 2073 collem
1267 2019 1495 2072 maximo
1514 2015 1690 2073 labore

89 2089 453 2148 conscendisset
477 2132 496 2158 ,
522 2097 574 2149 &
590 2093 656 2149 ad
671 2095 1113 2168 propugnaculum
1131 2091 1432 2149 acceffiffent
1446 2132 1463 2158 ‚
1484 2108 1692 2149 contor-

89 2169 310 2241 quendis
327 2170 504 2225 iaculis
521 2171 572 2225 in
587 2189 676 2225 eos
691 2173 783 2244 qui
799 2172 864 2225 ad
881 2173 1060 2243 pinnas
1074 2189 1338 2226 murorum
1354 2168 1695 2226 consistebant

88 2244 330 2300 omnibus
346 2245 536 2301 viribus
552 2245 1135 2312 incubuisse‚fundit01·es
1150 2264 1406 2319 petrarum
1423 2248 1689 2318 tempesta-
1775 2251 1777 2253 ’

86 2334 191 2375 tem
207 2320 442 2377 excitasse
457 2361 474 2387 ,
490 2326 541 2377 &
561 2322 825 2379 machinas
841 2343 1019 2379 omnes
1037 2342 1173 2397 quae
1185 2325 1564 2399 oppugnationi
1582 2323 1691 2377 viui

17 2461 22 2466 ¹
88 2394 185 2451 esse
201 2395 391 2462 solent,
408 2418 580 2454 muros
602 2398 745 2456 fuisse
762 2399 1001 2456 admotas
1018 2441 1032 2454 .
1062 2398 1298 2474 Aligerni
1318 2398 1438 2456 vero
1453 2400 1636 2453 milites
1659 2397 1690 2454 ὲ

87 2476 244 2527 muris
270 2475 335 2529 ad
352 2477 650 2532 intermedia
668 2480 826 2532 turrifi
841 2475 1006 2549 spacia
1026 2476 1295 2532 confertim
1311 2476 1474 2530 nihilo
1490 2473 1690 2548 segnius

85 2550 255 2604 iacula
271 2553 322 2605 &
339 2552 441 2606 tela
456 2568 808 2626 retorquentes
821 2551 1159 2628 propugnasse
1175 2592 1192 2617 ,
1207 2551 1440 2607 saxorum
1458 2551 1621 2607 moles
1638 2553 1691 2606 in

85 2622 357 2682 subeuntes
375 2627 664 2700 proiecisse,
697 2627 949 2685 securibus
967 2669 984 2694 ,
1008 2627 1298 2701 contib-usq.
1319 2631 1498 2683 acriter
1513 2629 1693 2684 vulne-

88 2701 230 2766 rasse,
249 2705 434 2778 nihilq.
453 2707 664 2760 omnino
682 2704 827 2778 quod
845 2707 910 2762 ad
928 2706 1148 2761 hostium
1164 2706 1462 2760 violentiam
1480 2704 1691 2778 propul-

87 2776 295 2837 sandam
313 2781 523 2848 valeret,
536 2781 766 2841 omisisse.
781 2787 892 2843 Tne
908 2783 1143 2859 Aligerni
1158 2786 1318 2842 iaetus
1331 2777 1693 2916 maximesfuis-

1555 2877 1581 2915 e
1599 2876 1687 2914 co-
