2112 3214
78 1110 200 1156 Liba.
223 1114 317 1158 Sila.

391 154 520 226 264
796 154 1607 215 ‘PVTEOLANA

383 272 505 344 quis
523 269 708 324 dixerit
723 264 858 321 hanc
886 262 1101 320 insulam
1118 268 1436 320 Graecorum
1455 281 1621 322 aetate
1639 266 1881 322 Nilaeam
1899 264 1991 343 ap]

381 347 625 419 pellatam
638 342 782 399 fuiffe
797 383 813 407 ,
835 343 965 397 *cum
987 340 1146 414 longe
1160 343 1387 414 Megaris
1407 343 1623 414 quoque
1642 343 1800 398 insula
1813 362 1953 401 extet
1965 386 1985 410 ,

381 422 559 496 eumq.
582 418 915 476 Athenienses
945 420 1052 473 eius
1068 418 1292 471 nominis
1308 413 1498 472 Insulas
1519 420 1650 473 inter
1662 418 1710 475 se
1723 423 1993 493 proximas

379 499 659 573 plurimum
676 496 905 551 fecerint.

435 577 479 628 E
496 577 544 629 V
565 577 604 627 P
623 574 665 626 L
684 576 732 626 O
749 573 789 624 E
810 570 858 625 A
876 610 893 634 ,
924 588 1082 641 parua
1098 587 1317 643 quoque
1334 565 1495 623 insula
1521 567 1778 641 (scopulus
1795 573 1991 642 potius)

381 651 514 706 inter
531 647 785 721 Tyrrheni
813 648 964 700 maris
980 643 1164 700 insulas
1180 648 1364 700 meruit
1377 648 1696 700 annumerari
1714 686 1728 700 .
1770 649 1835 702 Et
1854 666 1990 720 quo⁴

380 729 519 781 niam
541 725 612 779 ibi
631 723 923 778 reconditus
940 720 1075 776 finus
1090 723 1159 776 est
1186 761 1204 786 ,
1232 741 1296 776 ex
1312 739 1419 793 quo
1439 723 1589 775 maris
1603 723 1765 776 aestus
1781 760 1799 786 ‚
1828 727 1878 778 &
1897 742 1993 778 vn-

381 802 564 856 darum
584 816 683 853 tem
692 801 901 870 pestates
918 798 1253 852 detruduntur
1267 835 1284 861 2
1304 797 1546 853 Gaiolam
1566 798 1740 852 dixere
1754 836 1769 852 .
1795 796 1993 854 Gratis-

379 877 534 932 fimus
554 874 918 949 nauigantibus
936 872 1147 928 recessus
1162 913 1176 927 .
1206 871 1569 927 Nobilissimus
1603 875 1782 928 itidem
1810 873 1992 930 aedifi·-

379 955 579 1007 ciorum
595 954 816 1025 vestigijs
833 969 969 1023 quae
987 951 1249 1004 ciuitatem
1265 948 1488 1003 referunt
1505 987 1522 1013 ‚
1559 953 1611 1004 &
1627 968 1834 1004 omnem
1855 951 1990 1005 anti-

380 1031 601 1101 quitatis
640 1029 859 1101 gloriam
892 1026 1124 1081 redolent
1149 1065 1165 1079 .
1200 1028 1336 1078 Felix
1353 1045 1476 1081 omen
1499 1025 1675 1082 locum
1703 1026 1985 1100 appellauit

376 1108 572 1161 Statius
591 1107 642 1158 in
659 1103 797 1158 siluis
811 1142 829 1168 ,

506 1187 536 1231 I
538 1185 625 1231 mla³
639 1186 769 1249 vagis
788 1198 913 1230 omen
921 1179 1053 1244 filix
1069 1177 1271 1244 Euploea
1287 1181 1455 1229 carinis

428 1259 495 1313 Et
509 1260 561 1312 in
577 1257 799 1312 Hercule
817 1255 1113 1310 Surrentino
1127 1292 1146 1317 ,
1167 1264 1383 1313 Numen,

507 1342 572 1385 Et
593 1336 799 1400 placidus
818 1338 976 1381 Limon
993 1365 1006 1387 ‚
1021 1335 1079 1379 N
1081 1349 1259 1397 umenq.
1277 1330 1479 1397 Euploea
1491 1330 1680 1383 carinis.

425 1419 577 1489 Qae
598 1406 750 1470 verba
769 1410 991 1468 efficiunt
1004 1424 1059 1465 vt
1083 1411 1286 1465 credam
1301 1449 1319 1475 ,
1346 1410 1592 1482 templum
1612 1410 1756 1464 cuius
1773 1409 1979 1483 aliquot

371 1491 445 1548 ibi
462 1491 572 1546 sunt
590 1493 763 1544 ruinae
776 1528 793 1553 ,
821 1489 1082 1560 Euploeae
1099 1487 1293 1540 numini
1321 1489 1520 1540 marino
1532 1483 1678 1540 fuiffe
1693 1485 1942 1541 dicatum.

367 1567 454 1623 At
467 1565 588 1622 vero
603 1568 819 1622 Veneris
838 1567 911 1618 Eu
918 1564 1099 1635 ploeae
1114 1581 1301 1616 numen
1318 1563 1446 1616 illud
1460 1579 1567 1617 erat
1584 1602 1595 1616 .
1612 1563 1828 1616 Veneris
1844 1564 1981 1619 enim

374 1644 553 1699 aedem
571 1645 696 1696 mari
710 1643 995 1713 proximam
1021 1641 1203 1693 Graeci
1221 1637 1589 1693 venerabantur
1603 1676 1620 1701 ‚
1635 1637 1796 1692 veluti
1810 1640 1862 1692 in
1878 1636 1982 1693 At-

376 1722 491 1775 ticis
510 1718 679 1775 scribit
695 1716 968 1772 Pausanias
983 1754 998 1779 ,
1030 1714 1167 1785 apud
1182 1716 1406 1769 Cnidios
1424 1712 1713 1786 praesertim
1728 1751 1745 1777 ‚
1763 1715 1855 1785 qui
1871 1716 1980 1769 Ve-

374 1814 547 1850 nerem
567 1795 857 1849 Doritidem
877 1832 894 1856 ,
910 1792 1130 1846 Acream
1143 1828 1160 1853 ,
1175 1794 1225 1844 &
1243 1790 1488 1846 Gnidiam
1506 1789 1762 1852 colebant,
1775 1793 1826 1843 &
1840 1787 1976 1845 hanc

372 1869 530 1943 ipsam
549 1870 613 1925 ab
631 1869 808 1940 ijsdem
844 1869 1051 1937 Gnidijs
1079 1867 1362 1937 Euploeam
1389 1868 1696 1938 appellatam
1725 1863 1969 1930 affirmat,

371 1947 567 1992 νεώτατον
585 1939 629 1991 at*
644 1979 655 1997 ,
669 1937 720 1988 ἂι)
731 1943 884 1992 Κνιδίαν
900 1944 932 1987 οἱ
944 1940 1073 1986 πολλοὶ
1088 1973 1098 1990 ‚
1119 1936 1318 1986 misnam*
1333 1944 1447 1987 ιὶυτοὶ
1463 1941 1642 1986 καλοῦσιν
1654 1939 1871 1989 Εὔπλοιαν.

368 2012 718 2068 Sannazarius
737 2008 1038 2083 Nympham
1054 2004 1207 2070 facit,
1244 2037 1253 2046 ·

721 2097 901 2144 totidem
915 2095 1073 2141 vitreis
1089 2090 1284 2155 Euploea
1290 2091 1379 2154 stab
1395 2092 1530 2140 vndis

502 2170 670 2216 Seruat
680 2195 693 2218 ‚
707 2166 850 2213 adhuc
870 2164 1021 2228 plures
1036 2164 1094 2208 N
1097 2162 1168 2221 esis
1183 2162 1293 2209 mihi
1301 2162 1462 2225 struat
1478 2161 1691 2210 Echinos.

372 2289 375 2291 r
405 2240 611 2295 Vitreas
627 2237 739 2292 illas
757 2237 916 2290 vndas
935 2273 951 2299 ‚
966 2239 1016 2290 &
1036 2233 1265 2309 algarum
1284 2231 1639 2288 cofertissimos
1652 2230 1963 2298 hort082ma÷

368 2332 437 2372 nu
457 2318 674 2372 traCtare
688 2332 752 2369 ne
767 2314 942 2387 pigeat
956 2310 1076 2367 dum
1090 2311 1628 2386 praeternauigaueris.

1652 2864 1965 2932 VNDJQ
