2112 3214
624 156 1112 215 LIBER.
1574 179 1650 221 45

67 265 385 338 Delphinatu
406 303 421 328 ‚
437 280 596 335 atque
612 266 673 333 ijs
692 283 827 338 quae
844 265 908 321 de
924 266 1161 341 Trigorio
1177 266 1229 320 in
1247 267 1330 322 via
1346 266 1558 322 Ostiensi
1580 267 1661 322 di-

70 359 254 398 cuntur
270 382 282 396 .
329 340 495 395 Addit
512 344 562 394 3<
581 343 743 397 Solini
758 342 929 397 fontes
945 345 994 398 in
1015 343 1246 397 Sardinia
1266 381 1283 405 ,
1316 347 1366 398 &
1387 345 1658 399 Bracculas

67 438 226 495 aquas
245 421 332 474 Bai
337 422 380 489 js
397 457 413 482 ,
429 417 697 472 oculorum
716 417 913 473 nebulis
929 419 1322 492 percommodas
1335 460 1350 474 .

713 523 977 592 Astruni
999 579 1014 595 .

141 650 278 706 Cum
293 649 359 705 ad
389 651 770 721 Septentriones
799 655 1071 723 perrexeris
1088 691 1105 715 ,
1135 651 1380 706 mirabilis
1410 648 1662 706 efficaciae

65 725 324 782 lauacrum
340 743 573 780 occurret
590 765 605 787 ,
633 727 777 798 quod
794 728 822 782 a
839 731 1033 784 Strunis
1051 747 1238 783 nomen
1268 725 1512 799 accepisse
1546 725 1665 781 scri-

67 801 143 857 bit
158 806 331 857 auCtor
348 804 387 855 is
410 805 501 874 qui
518 802 581 856 ad
601 802 891 857 Federicum
907 823 1033 875 opus
1053 802 1241 876 scripsit
1257 804 1321 859 de
1336 804 1535 858 Balneis
1549 844 1561 856 .
1591 801 1666 856 A-

68 880 283 933 stranam
300 876 453 933 uocat
471 879 784 933 Sauanarola
797 918 814 943 ,
844 884 896 935 δε
915 883 1167 935 Strumam
1189 880 1442 952 Vgolinus
1458 919 1472 934 .
1513 877 1666 933 Astu-

67 957 197 1008 rium
232 954 595 1025 appellandum
625 957 794 1025 potius
814 956 976 1027 aliqui
997 953 1198 1010 censent
1216 955 1280 1009 ab
1298 973 1470 1009 earum
1490 957 1665 1009 auium

65 1033 339 1085 venatione
357 1070 368 1083 .
413 1032 511 1083 Sex
527 1031 740 1083 millium
757 1030 884 1084 ferre
903 1030 1130 1102 paffuum
1148 1032 1339 1085 circulo
1375 1031 1518 1084 locus
1537 1032 1666 1083 inter

68 1123 269 1160 montes
293 1104 719 1160 circumscribitur
738 1145 755 1170 ,
787 1108 919 1160 inter
937 1125 1072 1179 quos
1102 1124 1405 1179 peramoena
1436 1106 1579 1159 vallis
1599 1106 1667 1160 est

67 1200 202 1254 quae
219 1183 464 1253 paulatim
483 1181 545 1234 ad
563 1182 701 1237 mille
719 1181 943 1253 passuum
963 1182 1241 1237 latitudine
1260 1183 1460 1256 cogitur
1472 1198 1526 1237 vt
1540 1178 1667 1232 Am-

61 1258 412 1330 phithearrum
430 1255 789 1329 repraesentet.
831 1259 1004 1313 Siluae
1018 1276 1281 1313 ceruorum
1305 1296 1320 1320 ,
1360 1260 1411 1310 δε
1430 1274 1670 1328 aprorum

67 1353 246 1408 greges
266 1336 409 1388 alunt
425 1373 441 1397 ,
472 1334 761 1389 volatilium
782 1332 1069 1405 praesertim
1088 1337 1363 1388 maximam
1396 1335 1593 1403 copiam
1615 1370 1627 1387 .

66 1413 256 1484 Regiae
286 1412 547 1480 venationi
577 1411 723 1464 locus
749 1411 950 1465 dicatus
972 1412 1070 1473 est,
1102 1414 1153 1464 &
1174 1410 1450 1481 praefectus
1484 1407 1581 1463 hac
1602 1407 1668 1462 de
1690 1450 1693 1453 .

69 1485 217 1541 causa
236 1489 533 1541 constitutus
550 1526 562 1539 .
609 1490 792 1539 Ferunt
819 1489 979 1557 Reges
1006 1487 1382 1557 Neapolitanos
1411 1484 1480 1537 ibi
1512 1501 1670 1538 vena·

68 1566 200 1617 toria
221 1561 501 1634 spectacula
519 1560 723 1620 edidisse
740 1560 1129 1634 inspectantibus
1151 1561 1179 1615 ὲ·
1200 1564 1334 1636 iugis
1366 1560 1574 1614 collium
1595 1560 1668 1612 ci-

0 1648 2 1651 ’
69 1639 219 1694 uibus
239 1679 252 1692 .
295 1638 635 1692 Memorabile
652 1639 779 1692 illud
795 1655 1000 1693 narrant
1033 1639 1174 1710 quod
1196 1638 1261 1693 ab
1280 1633 1549 1709 Alphonso
1567 1636 1665 1688 Re-

68 1734 133 1789 ge
152 1717 220 1769 est
235 1715 461 1778 editum,
497 1714 749 1768 collocata
766 1732 917 1785 nepte
945 1715 1238 1769 Heleonora
1262 1713 1501 1768 Pederico
1543 1710 1666 1765 111.

70 1796 448 1847 Germanorum
463 1792 760 1861 Imperatori
779 1829 794 1853 ,
815 1792 1026 1844 cuicum
1042 1806 1149 1845 tota
1178 1788 1283 1844 fere
1303 1793 1561 1844 Germana
1575 1803 1671 1839 no-

69 1868 266 1922 bilitate
291 1866 521 1921 interfuit
539 1905 555 1929 ,
588 1865 935 1936 compluribus
965 1868 1123 1919 etiam
1143 1885 1255 1920 cum
1275 1861 1508 1934 Hispanis
1526 1863 1671 1915 Prin-

72 1943 271 2015 cipibus
289 1942 742 2015 quiHeleonoram
779 1961 840 1994 ex
858 1940 1099 2011 Hispania
1131 1941 1468 1994 deduxerant.
1513 1935 1673 1991 Exhi-

69 2019 178 2073 bita
210 2036 332 2073 tunc
362 2024 573 2072 venatio
604 2015 717 2071 fixis
747 2017 812 2071 ad
844 2016 1117 2091 Agnanam
1149 2015 1387 2087 paludem
1402 2015 1664 2081 tentorijs.

72 2099 256 2157 Fontes
287 2094 315 2150 ὲ
351 2097 495 2149 vario
524 2096 628 2148 vini
646 2112 831 2166 genere
849 2091 1350 2156 constituti2mensae
1366 2106 1668 2161 apparatae,

73 2173 125 2224 in
142 2171 330 2244 quibus
345 2171 410 2225 ad
452 2189 602 2223 XXX.
645 2170 803 2223 millia
836 2168 1099 2222 hominum
1135 2166 1457 2222 discubuere.
1502 2165 1672 2218 Solem

1 2250 6 2254 ’
73 2247 126 2301 in
156 2248 257 2301 hoc
289 2245 702 2321 magnificentiae
733 2264 914 2318 genere
931 2244 1059 2299 nihil
1078 2248 1362 2316 quicquam
1375 2238 1548 2295 vidisse
1566 2256 1673 2292 ma-

73 2322 431 2397 gnificentius,
460 2320 623 2377 asserit
657 2324 917 2376 Fontanus
936 2361 949 2374 .
1008 2321 1224 2392 Spiritus
1253 2319 1324 2374 ibi
1359 2314 1551 2387 semper
1575 2313 1671 2369 sul-

71 2399 294 2471 phureus
312 2439 329 2463 ,
347 2404 397 2453 ὃς
413 2399 610 2453 calidae
622 2395 793 2469 pafiim
806 2395 1050 2451 scatentes
1071 2413 1239 2469 aquae
1255 2434 1270 2450 .
1300 2392 1526 2465 Aliquae
1542 2388 1671 2445 adeo
1694 2422 1697 2426 ·

70 2491 453 2547 tempe1·atae,vt
471 2493 637 2547 neque
653 2476 704 2528 in
720 2472 1015 2545 potionibus
1032 2473 1297 2528 medicatis
1313 2466 1671 2523 incommodae

72 2550 356 2606 habeantur
370 2591 382 2604 .
425 2554 474 2605 V
479 2551 727 2605 enrriculo
747 2550 1053 2604 auxiliantur
1070 2587 1086 2611 ,
1117 2551 1288 2619 pectus
1320 2546 1514 2598 leniunt
1532 2581 1547 2604 ,
1584 2558 1673 2611 ap·-

72 2632 345 2698 petenriam
365 2629 589 2686 excita—nt
607 2666 619 2679 .
665 2625 922 2680 Dentibus
936 2664 951 2687 ,
977 2623 1206 2679 faucibus
1226 2662 1241 2686 ‚
1261 2623 1377 2675 voci
1399 2659 1413 2685 ‚
1432 2620 1603 2688 capiti,
1623 2620 1673 2670 ἃ

73 2706 211 2757 omni
229 2705 557 2757 rheumatum—
570 2707 739 2774 generi
761 2741 776 2764 2
795 2700 1036 2756 siccando
1052 2739 1067 2762 ,
1102 2696 1379 2772 digerendo
1399 2734 1414 2757 ,
1432 2693 1678 2749 corrobo-

76 2780 236 2834 rando
254 2818 270 2844 ,
287 2778 399 2833 sunt
411 2779 709 2834 adiumento
725 2818 740 2831 .
785 2780 1045 2832 Nitratam
1061 2815 1079 2840 ,
1094 2793 1338 2838 aeratam,
1357 2771 1674 2844 sulphuream

1517 2863 1676 2898 mare—

1726 2325 1792 2363 Lt'b
1820 2328 1861 2366 de
1872 2342 1954 2368 ma·

1718 2379 1837 2431 gnffic.
1850 2386 1894 2421 16
1909 2413 1922 2424 .
