2112 3214
50 0 75 177 Ι
297 50 1305 166 ’ Ηιετοῑῑιᾼ
1641 113 1759 156 131·

0 219 2 226 “
69 183 71 230 3
159 205 422 264 sulfi³aude
436 208 642 263 tandem
658 205 972 262 Messallinae
999 210 1051 262 δε
1069 208 1266 278 Vitellij
1284 204 1482 263 euersus
1500 209 1569 263 est
1585 249 1598 262 .
1627 211 1767 262 Tan-

68 287 72 308 ⁷
162 301 271 339 tum
287 300 409 338 vero
424 282 561 340 hisce
577 283 738 339 hortis
753 283 940 338 studuit
954 322 972 348 ,
986 301 1042 338 vt
1065 288 1320 338 inhiantem
1333 283 1474 338 dicat
1489 285 1766 338 Cornelius

161 361 371 415 Tacitus
383 379 396 420 ς
425 366 590 413 Hortis
602 364 780 412 inhians
798 378 907 426 quos
917 363 985 410 iHe
996 363 1024 409 d
1041 360 1225 409 Lucullo
1239 372 1400 426 emptos
1411 363 1573 427 insigni
1586 364 1769 426 magni-

64 453 68 482 :
144 433 305 499 ficJtia
320 429 579 480 extollebat.
596 429 826 478 Claudius
840 426 1001 489 Caefir
1014 428 1094 491 qui
1115 442 1219 473 eum
1235 428 1422 490 perdere
1433 428 1647 489 cupiebat,
1666 442 1769 473 cum

64 488 67 498 ⁴
164 496 382 545 militibus
392 505 618 559 tanquam·
629 491 910 558 opprimendo
929 491 1034 538 bello
1061 491 1329 555 Crispinum
1347 495 1568 556 praetoris·
1585 505 1676 560 pra
1683 494 1768 549 efl-

163 561 288 610 Rum
300 561 439 621 myth·
456 561 486 608 a*
499 574 587 626 quo
599 567 803 625 repertus
818 556 874 618 est
886 557 1011 620 apud
1025 558 1160 604 Baias
1170 589 1185 612 ‚
1219 555 1422 622 vinclffffi·
1434 558 1590 606 inditis
1607 559 1667 604 ad
1680 572 1768 605 vt·-

159 625 255 676 bem
266 635 436 692 raptus.
1063 688 1077 701 ⁶

806 684 1135 754 Cornelia.

240 818 311 873 C.
329 816 598 873 Gracchus
614 855 631 881 ‚
667 817 774 870 eius
794 815 1021 871 Gracchi
1035 815 1192 871 frater
1207 818 1298 891 qui
1314 816 1476 891 legem
1496 815 1769 892 Agrariam

164 895 352 951 tulerat
377 932 395 958 2
425 895 540 948 cum
555 892 734 948 eadem
750 892 815 947 de
832 890 980 947 causa
1005 889 1338 948 acerbissimas
1354 896 1404 947 in
1422 895 1546 966 Rep.
1567 893 1770 949 seditio-

164 989 254 1026 nes
272 967 528 1025 excitasset
543 1008 559 1033 ,
576 968 748 1041 cumq.
774 970 877 1023 duo
898 968 1066 1023 Flacci
1082 986 1224 1041 pater
1238 973 1286 1023 &
1306 967 1439 1029 filius
1456 973 1625 1042 quiex
1642 972 1770 1027 aede

164 1046 342 1102 Lunae
358 1048 407 1100 in
424 1042 676 1118 priuatam
695 1043 955 1116 quandam
972 1045 1182 1099 domum
1205 1043 1540 1109 desiluerant,
1557 1044 1765 1102 confossi

165 1122 321 1178 essent
337 1161 354 1185 ‚
370 1120 562 1176 occisus
579 1123 646 1175 est
662 1159 679 1184 ,
704 1123 756 1174 &
771 1136 926 1192 caput
942 1121 1153 1175 allatum
1172 1120 1387 1176 Consuli
1401 1160 1419 1185 ,
1445 1140 1629 1193 corpus
1645 1120 1768 1177 vero

166 1199 233 1253 ad
249 1198 550 1253 Corneliam
568 1213 776 1250 matrem
812 1194 1062 1250 Misenum
1081 1197 1610 1268 oppidumdeuec‘tum
1626 1200 1695 1252 est
1709 1239 1722 1251 .

162 1277 317 1344 Qlae
344 1274 592 1328 Cornelia
609 1271 837 1325 Africani
859 1274 1070 1327 maioris
1097 1272 1202 1327 filia
1219 1312 1236 1337 ,
1261 1271 1457 1327 Misenfi
1474 1276 1653 1345 prioris
1672 1272 1764 1343 filij

162 1349 335 1404 obitus
353 1347 499 1405 causa
514 1347 804 1413 decesserat,
822 1364 878 1404 vt
893 1346 1061 1405 scribit
1078 1350 1264 1406 Paulus
1285 1350 1553 1405 Diaconus
1567 1349 1658 1407 lib.
1673 1368 1721 1405 1.

833 1459 1085 1527 Echini.

234 1574 507 1633 Misenates
521 1577 746 1634 Echinos
761 1578 939 1636 laudat
954 1583 1221 1643 Horatius.
1788 1581 1906 1639 satyr.
1926 1597 1966 1633 4.

358 1658 550 1706 Murice
566 1660 739 1705 Baiano
752 1659 905 1707 melior
918 1663 1118 1708 Lucrina
1134 1693 1146 1712 ,
1164 1658 1341 1708 Peloris
1709 1701 1711 1703 ,
1789 1634 1868 1672 Lrb.
1888 1650 1923 1675 ²·

357 1726 520 1776 Ostrea
533 1728 732 1776 Circaeis
747 1763 763 1787 ,
783 1731 848 1776 M
851 1728 963 1792 ilino
979 1732 1195 1779 oriuntur
1208 1730 1386 1779 Echini.

639 1833 928 1901 Ecclesia
946 1831 1253 1901 Misenas.

237 1953 535 2011 Misenatem
548 1955 826 2011 Ecclesiam
860 1959 1131 2012 Cumanae
1150 1959 1473 2012 coniunCtam
1501 1953 1677 2021 fuisse,
1708 1958 1762 2011 in

162 2034 405 2087 Cumana
426 2031 653 2085 dicemus
670 2072 683 2085 .
711 2031 940 2087 Zosimus
957 2031 1044 2086 sub
1061 2035 1393 2087 Diocletiano
1409 2071 1426 2096 ,
1441 2031 1760 2087 Eleutherius

4 2110 8 2164 ὲ
38 2108 41 2155 Ῐ
165 2106 442 2180 Episcopus
459 2145 476 2170 ‚
507 2110 557 2161 δε
576 2106 732 2161 Antia
748 2125 907 2162 mater
923 2107 1011 2162 sub
1027 2107 1260 2162 Adriano
1278 2147 1295 2171 ,
1312 2126 1558 2181 martyres
1578 2107 1761 2163 Miseni
1784 2145 1989 2192 Marwa·

163 2184 483 2238 celebrantur
507 2222 520 2236 .
562 2183 707 2237 Licet
722 2186 773 2236 in
790 2184 1206 2238 annotationibus
1225 2187 1274 2237 in
1291 2184 1723 2257 Martyrologium
1740 2222 1759 2248 ,

0 2249 5 2382 ἱ
36 2275 38 2290 ²
161 2257 521 2315 Illustrissimus
546 2262 810 2333 Batonius·
829 2258 1008 2314 scribat
1040 2261 1385 2315 hallucinatos
1403 2258 1533 2330 esse,
1563 2261 1757 2331 quieos

162 2333 343 2388 Miseni
361 2352 608 2408 martyres
627 2336 937 2390 constituunt
952 2375 969 2399 ,
998 2338 1155 2391 veluti
1171 2339 1222 2390 δε
1240 2355 1327 2390 eos
1348 2339 1438 2408 qui
1453 2374 1469 2398 ,
1499 2334 1697 2389 Misscni
1705 2338 1722 2404 j
1739 2373 1758 2399 ‚

0 2386 4 2452 l
34 2410 37 2470 ζ
161 2413 214 2463 &
233 2407 486 2463 Messanae
500 2451 512 2463 .
530 2410 800 2465 arbitratur
815 2414 949 2465 enim
967 2450 984 2475 ,
1001 2410 1275 2483 Messapiae
1294 2411 1388 2465 esse
1405 2411 1680 2485 legendum
1695 2450 1709 2464 .

34 2481 35 2496 ³
162 2482 378 2556 Qodq.
401 2484 636 2558 Rhegino
651 2487 936 2541 monachus
954 2489 1045 2559 qui
1075 2487 1247 2542 floruit
1273 2506 1407 2542 anno
1440 2508 1470 2554 9
1496 2507 1517 2539 1
1542 2506 1593 2553 9.
1620 2485 1755 2557 apud

159 2563 461 2617 Tritemium
481 2559 690 2625 scribat,
725 2563 861 2632 apud
878 2561 1136 2617 Mesenam
1155 2566 1205 2617 in
1222 2563 1412 2636 Apulia
1428 2601 1446 2626 ,
1474 2565 1653 2617 erroris
1678 2580 1758 2616 ar·-

155 2638 329 2711 guitur
343 2675 359 2699 ,
386 2637 641 2691 collocato
658 2636 854 2692 Miseno
870 2641 921 2692 in
940 2641 1226 2711 Campania
1240 2681 1254 2693 .

234 2710 417 2768 Miseni
444 2715 495 2768 S.
529 2715 562 2768 S
580 2717 628 2768 O
649 2716 681 2770 S
700 2718 786 2772 IV
806 2718 840 2771 S
874 2716 969 2787 (ἐπ’
984 2720 1188 2773 ῗσᾱωας,
1217 2714 1246 2772 a
1276 2713 1526 2772 seruando
1554 2716 1753 2780 didius)

1556 2794 1752 2845 lenitie
