2112 3214
371 129 493 176 162
779 113 1613 174 PVTEOLANA

360 235 576 292 nomino
593 271 610 297 ,
625 251 729 288 non
745 251 858 289 eam
874 232 1131 307 intelligo,
1145 233 1251 306 qua
1268 234 1424 289 etiam
1443 234 1737 291 Phaellonis
1763 242 1980 303 (zesswmw

363 317 453 364 ἕνα)
469 318 740 373 azymam&
759 310 963 376 Ερυθράὶοις
982 315 1003 362 ἰί
1024 320 1204 368 varmo&
1227 317 1306 361 ’effe
1330 318 1631 376 Hvrapaiusoe)
1663 333 1981 369 commemo-

363 410 440 448 rat
458 390 694 446 Zosimus
711 430 727 454 ,
753 408 913 463 quam
930 408 1036 444 non
1062 389 1278 444 aliarum
1296 409 1508 445 numero
1534 391 1814 447 adscribere
1830 391 1918 446 vid
1928 410 1981 446 e-

365 488 446 525 tur
462 509 478 533 ,
498 467 582 525 sed
598 467 744 541 quod
757 465 934 522 afflata
956 467 1166 521 numine
1196 468 1454 539 quaedam
1481 471 1694 523 oracula
1724 470 1941 525 ediderit
1963 505 1981 530 ,

366 546 556 619 quibus
584 544 743 599 fretus
769 543 1090 598 Nicomedes
1113 542 1316 598 Prusiae
1344 542 1479 599 filius
1496 583 1514 608 ,
1544 544 1752 599 hortatu
1777 545 1977 607 Attali,

367 622 574 678 Prusiae
592 623 720 694 patri
736 619 930 676 bellum
947 620 1135 674 intulit.
1154 623 1240 675 De
1259 620 1582 696 Gergithica,
1599 626 1673 677 ait
1691 619 1981 709 Stephanus

76 723 274 774 ,9103me
286 724 342 763 51.
371 702 424 755 in
439 701 661 755 diditione
676 706 830 759 ww,
859 697 1124 754 fatidicam
1142 696 1317 763 fuisse,
1337 702 1388 753 &
1405 718 1522 753 cum
1537 699 1836 773 Sphingem
1854 701 1985 753 Ger-

80 775 182 824 bylo'a·
373 775 686 852 githicorum
705 792 914 830 moneta
941 771 1216 847 expressam
1233 794 1294 830 ex
1316 775 1592 850 Phlegonis
1611 777 1948 831 ειιιόὶοτίτεηε
1934 796 1987 832 in

371 856 536 925 prima
558 853 905 925 Olympiade,
929 855 1045 906 &in
1064 851 1326 927 Gergithij
1356 851 1616 924 Apollinis
1633 854 1828 926 templo
1842 852 1987 909 fuisse

374 928 650 1001 sepultam.
675 931 783 1001 Qi
798 930 862 983 de
877 929 1075 984 duabus
1093 929 1299 1003 loquuti
1315 927 1456 994 sunt,
1474 929 1787 1006 Erophylem
1806 933 1989 985 Troia·

378 1025 498 1062 nam
515 1008 818 1070 nominant,
851 1006 1122 1077 eandemq.
1155 1008 1250 1059 esse
1280 1026 1397 1060 cum
1428 969 1655 1095 Phrygia
1683 1012 1733 1061 ἃ
1752 1010 1990 1064 Cumaea

381 1084 730 1142 contendunt3
747 1087 796 1137 &
816 1086 884 1157 Sy
891 1082 1366 1155 mmachiam,quae
1383 1086 1622 1156 quamuis
1638 1085 1828 1158 Erythr
1833 1104 1860 1138 e
1876 1103 1990 1139 orta

377 1159 570 1223 fuerit,
586 1162 769 1214 Cumis
786 1177 958 1213 tamen
974 1161 1305 1214 vaticinatam
1324 1159 1418 1214 elle
1435 1157 1682 1214 scribunt.
1724 1164 1799 1214 Ex
1820 1162 1989 1215 Plinio

379 1253 478 1291 tres
492 1238 559 1310 Sy
550 1237 717 1291 billas
736 1238 907 1310 colligi
914 1255 1026 1290 mus
1043 1254 1261 1307 quarum
1279 1238 1426 1290 vnius
1441 1237 1492 1289 in
1509 1235 1625 1290 foro
1641 1239 1874 1291 Romano
1892 1240 1990 1292 Pa=

80 1356 230 1404 Sihyffae
242 1358 324 1411 sta.
382 1316 566 1368 cuuius
590 1317 792 1368 Taurus
813 1312 1012 1367 Aedilis
1031 1312 1194 1384 plebis
1210 1351 1225 1376 ,
1242 1313 1452 1366 aliarum
1471 1313 1686 1367 duarum
1703 1315 1889 1368 statuas
1910 1317 1988 1372 Μ.

81 1422 166 1453 rua.
379 1391 618 1446 Valerius
641 1389 852 1445 Messala
873 1390 1056 1463 Augur
1076 1387 1408 1444 consecrauit.
1425 1391 1503 1443 Ex
1518 1389 1598 1449 his
1619 1388 1740 1444 vero
1757 1409 1858 1444 vna
1877 1394 1990 1446 Cu-

381 1486 532 1522 mana
551 1466 727 1521 habita
746 1468 814 1522 est
847 1506 863 1531 ,
894 1485 1029 1539 quae
1047 1468 1231 1520 Cumis
1256 1466 1568 1540 Olympiade
1585 1507 1598 1520 .
1631 1467 1691 1520 L.
1708 1466 1911 1528 floruit3
1934 1472 1988 1523 &

384 1563 520 1616 quae
541 1544 698 1597 libros
714 1546 1045 1616 Tarquinio
1014 1542 1231 1602 obtulit3
1251 1543 1407 1597 altera
1423 1542 1700 1613 Delphica,
1717 1561 1851 1616 quae
1867 1544 1989 1599 ante

383 1624 608 1677 Troiana
625 1638 858 1691 tempora
874 1622 1033 1680 vixit3
1051 1622 1200 1674 tertia
1217 1618 1501 1707 Erythrea,
1525 1620 1746 1691 Herpilis
1765 1622 1990 1694 appella-

382 1714 465 1761 ta,
489 1716 557 1770 qr
566 1716 623 1751 ae
651 1700 759 1769 post
779 1699 985 1751 Troiam
1004 1693 1227 1751 euersam
1254 1699 1424 1751 vixit.
1455 1697 1617 1784 Qod
1635 1697 1699 1751 ad
1716 1714 1815 1751 tres
1834 1701 1989 1769 perti-

386 1791 504 1837 net,
524 1773 878 1845 Aristophanis
903 1773 1243 1827 Scholiastes
1231 1792 1281 1826 m
1302 1772 1504 1828 Auibus
1522 1776 1611 1837 ait,
1628 1791 1726 1827 tres
1743 1773 1889 1829 fuisse
1907 1777 1988 1829 Si-

384 1850 585 1925 bynas,
619 1869 833 1924 quarum
850 1853 1012 1921 prima
1041 1847 1089 1904 se
1104 1848 1362 1921 Apollinis
1394 1848 1615 1904 sororem
1643 1848 1742 1904 suis
1759 1849 1985 1914 versibus

380 1928 537 1987 dixit3
577 1925 794 1982 secunda
818 1926 1103 1999 Erythraea
1130 1949 1143 1985 ς
1183 1929 1330 1980 tertia
1347 1926 1592 1980 Sardiana
1620 1929 1945 1983 nominatur.

378 2004 625 2059 Aelianus
648 2021 873 2076 quatuor
888 2005 1146 2065 nominat,
1169 2001 1528 2074 Erythraeam,
1546 2005 1789 2067 Samiam,
1806 2002 1985 2079 Aegy-

373 2082 554 2153 ptiam,
568 2083 618 2134 &
638 2081 951 2135 Sardianam.
975 2082 1103 2134 Sunt
1121 2082 1212 2152 qui
1227 2079 1469 2133 Iudaeam
1485 2118 1501 2142 ,
1518 2084 1568 2133 δε
1585 2081 1874 2135 Cumaeam
1893 2083 1985 2136 ad-

373 2159 621 2230 iungant.
650 2159 813 2211 Varro
842 2174 1012 2210 tamen
1029 2158 1119 2228 qui
1150 2158 1336 2210 citatur
1352 2156 1382 2211 a
1408 2157 1679 2211 Laetantio
1695 2174 1780 2210 eas
1803 2157 1983 2213 decem

376 2233 616 2296 celebrat,
634 2232 966 2303 Delphicam,
984 2230 1344 2307 Erythraeam,
1359 2234 1716 2295 Cimmeriam,
1736 2234 1982 2299 Samiam,

373 2311 701 2373 Cumanam,
721 2308 1183 2382 Hellesponticam,
1202 2308 1485 2434 Libycam,
1509 2306 1788 2372 Persicam,
1816 2309 1982 2385 Phry·
2009 2304 2013 2306 “

374 2404 536 2461 giam,
562 2385 898 2440 Tiburtinam.
1002 2401 1004 2404 ’

449 2465 527 2516 Ex
542 2461 622 2516 his
637 2461 908 2526 omnibus,
925 2463 1144 2516 nostram
1159 2461 1223 2516 de
1240 2481 1344 2535 qua
1362 2460 1625 2532 loquimur
1639 2460 1976 2517 Cimmeriam

372 2539 554 2593 reftius
577 2539 818 2610 appellari
835 2557 994 2609 quam
1026 2540 1164 2592 Cum
1171 2558 1314 2593 aeam
1345 2537 1514 2592 scribit
1532 2533 1829 2606 Onuphrius
1849 2541 1979 2592 Pan·

372 2616 573 2677 ninius,
610 2616 675 2668 de
692 2633 795 2686 qua
813 2613 977 2668 asserit
992 2612 1226 2685 scripsisse
1257 2617 1548 2670 Naeuium
1537 2633 1587 2666 in
1606 2611 1744 2667 libris
1763 2631 1894 2684 quos
1912 2617 1977 2669 de

370 2693 536 2760 primo
551 2690 686 2745 bello
705 2693 903 2745 Punico
919 2689 1127 2762 scriptos
1155 2692 1411 2764 reliquit,
1445 2694 1495 2744 ἃ
1511 2691 1570 2744 L.
1589 2687 1676 2743 Pis
1654 2707 1818 2742 onem
1835 2691 1978 2744 Cen-

370 2763 596 2821 forium
582 2787 634 2822 in
659 2766 994 2824 Annalibus.
1032 2765 1332 2823 Aristoteles
1364 2786 1485 2825 vero
1502 2767 1610 2823 haec
1638 2762 1808 2820 scribit
1836 2766 1978 2822 libro

1892 2849 1978 2902 περὶ

68 377 150 419 Lib.
167 390 201 416 ι.
216 376 293 431 lust.
