2112 3214
299 168 374 212 62
680 152 832 210 DE
926 153 1531 211 BALNEIS

288 269 440 321 niunr
456 306 470 319 .
515 263 747 320 Scabiem
763 263 1076 335 explodunt.
1130 264 1254 317 Cibi
1271 267 1616 336 appetentiam
1635 284 1898 323 reuocant.

289 349 493 399 Ferrum
511 362 573 396 ex
589 341 816 395 humano
837 358 1052 411 corpore
1087 338 1392 395 extrahunt.
1437 343 1615 416 Atque
1651 345 1899 400 dirrinitiis

288 419 482 474 fastum
498 419 764 473 viderurvt
782 415 918 470 hisce
937 418 1086 488 aquis
1105 418 1279 470 omnia
1295 415 1400 470 fere
1421 420 1555 472 mala
1574 424 1902 477 curentur.Et

289 499 538 569 quoniam
557 499 606 548 in
626 491 820 548 summa
850 495 1092 563 temperie
1122 494 1233 546 sunt
1266 494 1580 549 constitutae
1599 534 1615 558 ,
1652 495 1902 554 viscerum

289 574 640 644 intemperiem
654 569 1218 643 moderantui·‚gracilia
1235 587 1450 642 corpora
1465 573 1678 645 pinguia
1697 573 1900 639 reddiit,

289 654 343 706 ὃς
359 646 592 706 scirrosos
606 665 835 702 tumores
850 665 880 701 a
894 647 1031 701 lenta
1049 648 1234 719 pituita
1251 664 1480 711 exortos,
1494 645 1790 722 propulsant
1803 688 1819 704 .

419 730 656 792 Hepaticis
675 727 879 792 prodest,
894 725 920 773 a*
940 726 1074 790 psora
1093 735 1292 790 purgat,
1308 729 1426 785 ὅρὲξιν

483 802 696 849 Proritat
707 799 907 862 ‚ferrum
923 797 1156 864 mirficeq.
1179 797 1337 846 trahit.

905 916 1239 984 Stomachi
1256 965 1273 982 .

365 1043 510 1098 Cum
528 1042 679 1115 aquis
702 1042 983 1115 Gurgitelli
1014 1043 1340 1098 conueniunt
1354 1079 1372 1105 ,
1404 1042 1634 1115 puriores
1649 1058 1821 1099 tamen
1836 1060 1900 1101 ac

287 1122 546 1175 tenuiores
563 1118 710 1191 quafi
728 1138 791 1174 ex
811 1119 1095 1174 Stillatorio
1111 1119 1363 1173 deductae
1378 1158 1393 1171 .
1437 1118 1778 1175 Stomachum
1805 1139 1892 1175 ro-

285 1193 474 1251 borant
488 1233 504 1260 ‚
520 1194 765 1269 phlegma
779 1212 1006 1250 vacuant
1024 1234 1040 1259 ,
1056 1210 1534 1270 purgantq.vterum
1553 1234 1566 1248 .
1596 1197 1712 1250 Post
1724 1198 1900 1267 potio-

285 1289 406 1327 nem
422 1272 488 1328 ad
505 1275 679 1328 vncias
702 1274 822 1326 06ὶο
841 1310 857 1336 ,
873 1291 967 1326 nec
984 1273 1208 1327 dormito
1225 1309 1242 1334 ,
1269 1266 1363 1324 nec
1376 1271 1517 1326 aliud
1535 1271 1803 1344 quidpiam
1820 1272 1900 1327 bi·-

284 1346 398 1403 bito
415 1388 435 1415 ,
457 1365 545 1404 aut
562 1351 704 1405 edito
717 1390 731 1404 .
781 1347 983 1406 Biliosis
1016 1353 1109 1417 <vt
1125 1367 1241 1403 cum
1255 1345 1411 1402 Celso
1426 1347 1651 1422 loquar)
1681 1347 1896 1405 mirifice

281 1424 493 1499 prosunt
513 1465 528 1480 .

370 1504 511 1558 Cum
530 1520 593 1556 ex
612 1503 764 1576 aquis
782 1501 1064 1575 Gurgitelli
1078 1498 1349 1555 discesseris
1368 1538 1384 1563 ,
1413 1500 1510 1554 iter
1535 1499 1602 1555 ad
1630 1499 1896 1556 dexteram

282 1573 478 1633 faciens
495 1580 759 1634 Orientem
789 1578 956 1633 versus
985 1579 1086 1632 alia
1114 1577 1329 1649 reperies
1360 1594 1522 1649 aquas
1553 1595 1616 1630 ex
1630 1576 1892 1632 radicibus

279 1653 497 1725 Epomei
512 1652 727 1710 scatetes
742 1654 1455 1726 claraS‚pellucidas‚gustatui
1473 1652 1669 1715 dulces,
1690 1656 1743 1706 δε
1761 1652 1891 1708 cras-

278 1727 360 1786 sae
377 1769 391 1784 .
436 1729 684 1804 Antiquis
697 1729 993 1787 vulneribus
1013 1729 1206 1802 praesto
1220 1729 1362 1793 sunt,
1391 1729 1629 1784 aluminis
1657 1731 1891 1801 vigorem

279 1806 673 1879 praeseferentes
688 1848 703 1862 .
753 1807 944 1862 Morbo
961 1807 1171 1863 Gallico
1186 1845 1204 1870 2
1222 1804 1414 1877 Aphris
1430 1844 1447 1870 ,
1466 1808 1660 1877 Sporae
1678 1845 1694 1869 ,
1713 1809 1886 1879 Hepa-

280 1886 321 1940 ti
334 1882 640 1941 subueniunt
657 1923 676 1951 ,
697 1888 750 1941 &
766 1886 983 1960 potione
999 1922 1015 1947 ‚
1032 1887 1084 1938 &
1101 1884 1398 1947 ablutione,
1415 1885 1467 1937 &
1481 1882 1723 1939 fomentis
1741 1921 1755 1936 .

901 1989 1220 2057 Dentium
1246 2041 1261 2056 .

349 2118 774 2176 Praedominatur
785 2138 967 2176 aurum
983 2119 1064 2175 his
1080 2124 1249 2195 aquis,
1265 2120 1510 2194 ferrumq.
1531 2118 1847 2195 subsequitur
1861 2117 1880 2186 ,7

273 2195 470 2269 exilisq.
493 2195 742 2268 sulphuris
757 2215 917 2269 vapor
935 2238 948 2252 .
994 2202 1156 2254 Parua
1171 2201 1305 2253 enim
1319 2197 1529 2253 huiusce
1561 2218 1730 2271 aquae
1759 2217 1880 2270 por-

272 2277 348 2328 tio
366 2312 381 2336 ,
396 2292 660 2346 nunquam
676 2271 955 2345 liquescere
969 2277 1140 2346 potuit
1167 2314 1184 2339 ,
1215 2274 1309 2330 nisi
1324 2294 1491 2348 aquae
1507 2274 1758 2329 chimicae
1789 2294 1880 2329 au-

271 2352 398 2404 xilio
415 2388 432 2413 ,
450 2345 563 2404 salis
581 2351 860 2404 armoniaci
875 2368 1020 2421 parte
1036 2351 1214 2406 addita
1229 2393 1243 2405 .
1290 2354 1540 2407 Dentium
1557 2352 1742 2414 dolori,
1763 2353 1879 2424 gin-

269 2425 457 2502 giuisq.
478 2424 855 2480 excarnificatis
873 2424 1020 2481 affert
1034 2429 1343 2484 medicinam
1356 2445 1483 2501 potu
1499 2431 1551 2482 &
1580 2430 1876 2502 gargariza-

269 2506 410 2558 tione
425 2541 439 2555 .
471 2503 555 2557 De
575 2501 766 2574 quibus
780 2541 797 2566 ,
817 2501 947 2557 haec
965 2507 1188 2559 carmina
1205 2528 1219 2565 ;

401 2607 446 2651 E
449 2603 494 2651 fi
509 2605 569 2662 &0
583 2605 644 2651 ad
654 2604 897 2652 Occiduam
914 2613 1097 2668 partem
1110 2619 1223 2668 quae
1236 2605 1442 2651 vertitur
1453 2604 1582 2651 vnda

465 2673 1061 2737 Languentcmstomachum
1075 2690 1189 2737 quae
1203 2686 1416 2737 reparare
1431 2673 1555 2724 valet
1566 2712 1578 2724 .

395 2745 539 2810 Qiq.
557 2745 811 2792 Orientales
819 2744 997 2808 spefiat
1011 2741 1146 2793 calidi
1183 2760 1298 2791 zmus
1315 2759 1418 2791 oras

459 2817 582 2862 Fons
596 2848 611 2871 ‚
630 2819 832 2864 Dentem
843 2815 972 2864 baud
982 2815 1077 2865 vffa
1086 2825 1228 2881 parte
1239 2815 1385 2864 dolere
1392 2816 1515 2879 finit
1526 2850 1539 2864 .

1745 2895 1871 2942 Fon!
