2112 3214
644 141 1130 218 LIBER.
1606 175 1681 220 41

83 277 147 335 &i
163 315 178 339 ᾗ
192 274 499 331 Balneorum
519 272 661 331 vsum
679 274 1032 331 adeocreuiffe
1053 312 1067 338 ‚
1089 281 1144 329 vt
1156 272 1283 327 nihil
1305 271 1399 328 effe
1415 289 1525 329 tota
1543 272 1693 326 Italia

91 354 433 407 Thermarum
462 354 673 406 nomine
708 354 965 426 vulgatius
980 392 994 405 .
1041 353 1333 422 Temperati
1347 352 1523 405 Balnei
1551 367 1693 402 com-

84 429 242 483 moda
257 447 318 481 ex
340 428 545 483 Galeno
565 426 756 498 profert
773 431 863 501 qui
890 426 1030 482 8.lib.
1046 429 1165 481 artis
1185 428 1394 481 curandi
1412 425 1691 488 ait2Balnea

81 506 272 575 aperire
289 522 443 574 poros
468 542 485 567 ,
516 502 747 557 sudorem
767 504 1013 574 prolicere
1031 541 1048 566 ,
1075 501 1207 557 fitim
1223 499 1424 565 sedare,
1459 500 1688 555 somnum

80 594 365 651 prouocare
383 619 399 642 ,
418 578 663 633 mundare
686 587 842 651 'atque
858 592 1074 651 purgare
1099 581 1257 634 cutim
1274 617 1289 640 ,
1309 576 1560 650 sordemq.
1577 595 1688 629 om-

79 673 196 708 nem
217 675 278 708 ex
296 656 380 708 illa
398 657 678 727 detergere,
692 654 985 708 humestare
1001 671 1184 725 corpus
1198 692 1215 716 2
1239 655 1478 708 adiuuare
1497 654 1687 708 coeno-

79 747 194 784 nem
213 732 413 784 tertiam
430 769 446 794 ,
461 747 647 799 corpus
669 732 984 804 impinguare
1001 768 1016 793 ‚
1044 729 1319 802 gracilibus
1345 727 1570 800 prodeffe
1587 728 1606 791 ,’
1631 730 1684 781 δε

80 805 269 860 claram
285 825 466 861 vocem
487 802 681 859 efficere
705 846 718 859 .
750 809 815 860 Et
830 824 1025 877 praeter
1039 804 1179 860 vsum
1196 825 1349 877 quem
1367 806 1616 875 praestant
1630 805 1684 857 in

78 881 272 935 morbis
288 920 304 945 ,
337 882 400 935 de
418 881 607 936 tuenda
623 898 821 935 tantum
840 879 1048 934 sanitate
1066 881 1306 952 loquutas
1326 919 1341 943 ,
1360 884 1430 947 ait
1446 883 1682 935 iuuenem

78 959 413 1011 exercitatum
433 960 534 1011 iam
547 974 725 1028 parum
743 995 759 1020 ‚
772 958 962 1011 Balneo
977 975 1151 1027 parum
1168 958 1415 1029 indigere,
1431 973 1486 1010 vt
1504 957 1594 1028 qui
1616 973 1682 1009 ex

75 1033 323 1086 mediocri
342 1035 712 1086 exercitatione
729 1037 780 1087 &
805 1031 1135 1104 apotherapia
1153 1036 1327 1085 omnia
1350 1035 1447 1085 iam
1464 1031 1525 1085 fit
1556 1050 1680 1085 con-

75 1106 335 1180 sequutus;
355 1109 390 1162 fi
409 1127 579 1163 tamen
610 1108 884 1162 commode
908 1106 1066 1179 ipsum
1085 1106 1329 1161 adhibeas
1347 1146 1362 1169 ‚
1379 1109 1554 1170 duram,
1570 1125 1680 1161 ten·-

74 1181 247 1255 sasque
266 1201 429 1255 partes
446 1185 643 1238 mollire
661 1223 678 1248 ,
694 1200 1068 1238 excrementum
1088 1222 1102 1245 2
1122 1182 1160 1236 fi
1181 1184 1324 1254 quod
1345 1186 1440 1237 erit
1456 1221 1471 1246 ³
1507 1184 1570 1237 ad
1590 1201 1679 1236 cu·-

72 1261 164 1314 tim
181 1279 437 1314 reuocare.
459 1262 523 1312 Et
539 1260 652 1313 cum
672 1258 1065 1313 commendasset
1080 1260 1322 1312 Balneum
1339 1276 1439 1312 tres
1458 1257 1526 1312 ob
1545 1277 1666 1312 cau-

74 1333 150 1388 sas
167 1374 182 1397 ,
199 1334 340 1407 quOd
362 1355 420 1388 os
442 1334 628 1388 siccum
652 1335 919 1389 humidum
940 1334 1148 1398 reddat,
1166 1334 1297 1388 fitim
1313 1337 1598 1407 extinguat,
1613 1337 1666 1390 &

76 1429 260 1481 corpus
277 1411 498 1464 calidum
514 1415 563 1464 &⁷
583 1410 855 1464 arefadmm
875 1427 1120 1481 temperet
1133 1449 1148 1473 2
1164 1430 1285 1462 mox
1306 1411 1431 1481 quid
1451 1408 1581 1463 obfit
1598 1426 1674 1463 te-

77 1488 230 1540 statur
244 1526 256 1539 .
287 1484 494 1540 Insuetis
514 1485 744 1556 persaepe
764 1486 969 1559 grauius
987 1502 1137 1539 nocet
1154 1526 1167 1538 .
1209 1489 1274 1539 Et
1289 1503 1343 1539 vt
1361 1487 1411 1538 in
1431 1484 1665 1539 fluxioni-

75 1561 168 1616 bus
187 1562 250 1615 ad
267 1580 493 1616 ventrem
512 1565 580 1615 est
599 1560 927 1623 Vtilissimum,
945 1560 1012 1614 fic
1033 1564 1185 1615 etiam
1205 1560 1456 1636 sanguinis
1475 1560 1668 1615 fluxum

71 1640 296 1711 grauiter
313 1640 499 1691 irritat.
548 1641 722 1692 Nocet
743 1637 1038 1691 Plethoricis
1055 1676 1069 1699 ,
1112 1642 1161 1690 ὃς
1180 1638 1377 1699 crudis,
1404 1640 1452 1691 &
1471 1652 1667 1691 vterum

72 1713 350 1767 ferentibus
369 1755 381 1767 .
426 1712 669 1767 Diffoluit
689 1716 837 1776 vireS‚
853 1711 1110 1768 effeminat
1131 1712 1365 1766 homines
1385 1750 1401 1774 2
1422 1729 1574 1767 nocet
1589 1715 1668 1765 in-

69 1788 405 1843 flammationi
420 1828 436 1853 ,
451 1788 748 1859 erisipelati3
778 1789 1030 1860 putredini
1048 1787 1208 1841 obstet
1224 1827 1240 1851 ,
1273 1790 1440 1861 gignit
1458 1826 1475 1851 2
1502 1791 1552 1841 &
1575 1806 1665 1842 au-

0 1912 13 1923 r
72 1882 161 1939 get
177 1905 189 1917 .
207 1869 398 1937 Neque
413 1865 572 1919 lauari
589 1865 777 1919 debent
794 1867 883 1936 qui
905 1864 1243 1918 destillatione
1257 1880 1346 1917 aut
1362 1864 1657 1936 grauedine,

70 1958 160 1994 aut
178 1943 355 2011 capitis
373 1941 551 1995 dolore
564 1960 625 1995 ex
640 1941 818 1994 ardore
837 1979 854 2004 2
886 1958 1053 2013 neque
1071 1937 1288 2013 syncope
1306 1958 1369 1994 ex
1399 1940 1663 1995 cruditati-

72 2015 166 2069 bus
183 2016 420 2069 laborant
434 2056 447 2069 .

146 2092 402 2164 Frigidam
416 2109 529 2145 nata
538 2093 726 2146 tionem
743 2091 876 2144 idem
893 2088 1062 2144 scribit
1093 2108 1275 2162 corpus
1300 2089 1628 2145 corroborare
1641 2128 1661 2155 ,

71 2167 124 2221 δε
142 2184 294 2237 caput
309 2205 325 2229 ‚
344 2170 394 2220 &
412 2168 630 2220 calorem
646 2167 924 2220 naturalem
942 2164 1242 2220 confirmare
1255 2205 1271 2229 2
1307 2165 1440 2220 fitim
1457 2164 1627 2221 sedare
1639 2205 1657 2231 ,

71 2242 302 2296 ciborum
336 2245 614 2313 appetitum
646 2246 867 2295 excitare
882 2279 899 2304 ,
929 2241 1149 2295 calorem
1165 2259 1426 2295 externum
1445 2243 1623 2296 tollere
1640 2280 1656 2305 ‚

70 2319 275 2371 renibus
291 2357 308 2380 2
324 2321 373 2370 ὃς
391 2316 596 2371 vessicae
614 2317 859 2380 conferre,
875 2315 1170 2389 refrigerare
1183 2356 1199 2380 ,
1215 2320 1266 2371 &
1283 2316 1428 2371 fimul
1444 2334 1531 2370 aut
1544 2316 1658 2370 sub-

71 2394 250 2447 stantia
268 2411 356 2448 aut
368 2393 614 2447 facultate
630 2392 917 2448 humectare
931 2432 945 2446 .
965 2395 1040 2445 Ex
1063 2393 1313 2447 accidenti
1332 2391 1451 2447 vero
1469 2391 1657 2446 calefa-

74 2487 185 2522 cere
200 2507 216 2532 ,
235 2471 457 2523 calorem
474 2468 605 2523 intro
622 2467 816 2539 repulso
831 2507 847 2531 ,
866 2470 985 2522 &in
1003 2484 1154 2523 vnum
1171 2473 1367 2528 coadio,
1388 2471 1439 2522 δε
1453 2485 1657 2539 propte-

69 2561 154 2598 rea
171 2544 552 2599 vehementiore
567 2544 702 2598 facto
720 2547 913 2616 quippe
931 2545 1089 2598 cutim
1104 2545 1448 2616 adstringit,ac
1464 2541 1654 2607 densat,

71 2617 209 2674 &fic
233 2621 599 2691 periclitantem
627 2623 783 2675 nimia
799 2619 1125 2674 exhalatione
1155 2621 1315 2673 innati
1332 2620 1512 2673 caloris
1540 2617 1655 2673 sub-

70 2696 304 2749 stantiam
321 2699 544 2767 reprimit
558 2734 573 2757 ,
590 2699 641 2749 &
657 2699 785 2750 vires
803 2697 1056 2769 adauget,
1071 2714 1161 2749 nec
1180 2694 1243 2748 ab
1261 2693 1545 2750 estrinsecus
1563 2695 1654 2749 ad-

70 2770 396 2827 uenientibus
415 2788 517 2826 tam
533 2770 684 2826 facile
702 2772 920 2827 laeditur
937 2811 951 2826 .
970 2771 1070 2826 Sed
1087 2768 1361 2844 antequam
1377 2772 1493 2844 quis
1497 2770 1652 2901 c{rigi-
1701 2828 1705 2836 ⁸

1138 2850 1175 2902 F
1534 2865 1563 2901 a
1579 2848 1654 2901 la-
