2112 3214
368 187 493 234 154-
759 156 1602 222 PVTEOLANA

361 283 495 347 nuit,
511 276 654 337 miffo
671 277 901 334 celeriter
920 276 1110 331 nuncio
1127 276 1220 349 qui
1234 273 1481 330 auxilium
1497 290 1691 349 peteret
1706 270 1972 332 suiS.Ci1m

362 378 536 416 rumor
554 352 912 430 percrebuisset
928 354 1124 408 Comes
1142 356 1320 407 Petrus
1338 350 1793 409 eLiCteraGoffridi
1807 350 1970 406 affinis

73 462 241 502 τρέψω
265 464 333 504 Le·
364 436 672 507 comparatis
703 432 818 502 copi
823 432 866 499 js
892 431 945 482 in
976 431 1228 483 Iulianum
1247 446 1438 503 pagum
1457 429 1718 483 contendit
1733 468 1750 493 ,
1778 429 1863 484 vbi
1881 428 1969 497 alij

71 519 185 556 ⁴3¹era·
362 513 552 568 milites
570 507 819 581 praesidio
837 507 944 560 erat
961 522 1121 578 atque
1137 508 1201 575 ijs
1218 503 1369 559 simul
1394 508 1577 560 iunctis
1594 507 1791 560 Cumas
1808 505 1972 559 aduo-

364 589 511 643 lauit.
529 591 767 659 Qorum
785 582 1009 636 aduentu
1025 583 1244 637 laetatus
1263 578 1529 637 Goffridus
1546 586 1858 635 sacramento
1877 581 1973 633 mi-

365 666 480 720 lites
503 664 676 735 adegit
702 677 757 714 vt
788 674 937 728 capta
955 663 1077 711 turri
1093 657 1396 713 homines&
1419 656 1648 712 fortunas
1665 659 1717 710 in
1733 659 1842 711 eius
1863 673 1973 710 ma,

367 760 461 796 nus
478 739 715 793 deuenire
730 749 1041 806 paterentur.
1058 734 1191 789 Turn
1212 733 1341 787 illud
1362 752 1578 807 quoque
1593 735 1722 788 inter
1736 730 1866 804 ipsos
1885 731 1976 786 de-

370 834 586 877 cretum,
604 830 659 867 vt
676 827 825 881 capta
843 811 1054 864 ciuitate
1069 829 1182 864 eam
1199 808 1430 864 funditus
1452 825 1734 865 euerterent
1749 824 1805 863 vt
1818 808 1977 862 male-

370 891 472 960 ficij
492 888 687 962 asylum
702 885 983 941 auferretur
996 924 1012 948 ,
1039 904 1144 959 qua
1161 886 1225 941 de
1244 904 1298 940 re
1318 884 1511 958 saepius
1532 905 1647 941 cum
1667 883 1785 956 ipfis
1808 883 1973 938 Auer-

371 967 500 1024 sanis
530 965 845 1020 sacramento
861 961 1096 1016 adhibito
1115 966 1281 1017 actum
1298 964 1368 1017 est
1396 1001 1414 1027 ,
1445 982 1537 1017 nec
1569 981 1796 1034 vnquam
1817 979 1979 1034 nego-

374 1048 512 1101 cium
533 1039 784 1098 conficere
798 1053 1078 1110 potuerunt
1093 1078 1106 1092 .
1139 1040 1269 1092 Mox
1300 1058 1466 1094 arcem
1498 1036 1707 1113 aggresi}
1738 1040 1790 1091 in
1818 1055 1981 1110 quam

373 1117 624 1176 Auersani
642 1121 693 1170 &
708 1113 985 1187 Episcopus
1003 1111 1050 1168 se
1066 1131 1363 1185 receperant
1376 1153 1393 1178 ,
1413 1118 1621 1168 monitis
1638 1116 1774 1186 prius
1788 1130 1843 1168 vt
1860 1110 1979 1166 inde

374 1195 698 1256 decederent,
719 1196 770 1245 ὃ(
791 1191 956 1245 veluti
970 1192 1098 1244 inter
1116 1187 1164 1244 se
1181 1208 1526 1245 conuenerant
1541 1190 1844 1252 deuastaret,
1863 1187 1986 1242 cum.

375 1273 469 1330 fibi
487 1271 615 1325 illud
633 1288 737 1322 non
753 1265 847 1322 effe
863 1265 1164 1321 faciundum
1186 1264 1435 1322 Auersani
1448 1268 1755 1328 dictitarent,
1771 1264 1985 1319 tandem-

378 1347 624 1404 adhibitis
647 1343 855 1419 ignibus
873 1340 1088 1415 aliisque
1111 1341 1363 1396 machinis
1381 1362 1516 1416 quae
1530 1361 1590 1397 ea
1607 1340 1839 1398 ferebant
1855 1358 1987 1395 tem-

378 1443 506 1498 pora
525 1463 540 1489 ,
556 1422 671 1478 curn
687 1423 775 1475 vix
800 1415 1080 1491 Episcopus
1098 1421 1242 1492 ignes
1260 1417 1662 1493 subterfugisset,
1691 1437 1806 1473 arce
1830 1416 1987 1490 potiti

378 1500 492 1557 sunt
526 1539 542 1564 ,
571 1494 855 1569 relictisque
888 1494 960 1549 ibi
988 1495 1237 1549 militibus
1267 1498 1361 1569 qui
1388 1499 1651 1550 ciuitatem
1677 1496 1934 1549 diruerent
1963 1529 1989 1557 ,.

383 1576 674 1637 GoffriduS,
689 1569 968 1644 Petrusque
984 1569 1177 1625 summa
1193 1590 1309 1625 curn
1325 1573 1521 1627 laetitia
1540 1573 1755 1628 victores
1771 1574 1989 1642 Neapo-

383 1656 475 1710 lim
489 1652 686 1708 rediere
702 1689 715 1703 .
733 1648 914 1720 Atque
931 1647 1002 1701 ita
1020 1646 1399 1703 munitiffimum
1413 1648 1659 1721 oppidum
1671 1686 1689 1712 ,
1707 1648 1990 1720 antiquita-

383 1748 435 1786 te
452 1729 792 1803 praeclarum,
806 1728 856 1778 ὃς
873 1723 1189 1779 Gotthorum
1205 1723 1531 1780 firmissimum
1546 1721 1992 1796 praefidifi,q110d-

387 1826 490 1881 que
509 1824 626 1861 cum
645 1802 927 1874 Campanis
954 1801 1160 1855 militari
1177 1802 1344 1857 studio
1364 1802 1636 1857 illustribus
1653 1799 1846 1872 saepius
1864 1817 1989 1853 con-

382 1883 550 1939 tendit
566 1920 583 1945 ,
615 1876 890 1933 miserrime
906 1878 1097 1946 intetijt
1123 1915 1136 1930 .
1167 1879 1233 1931 Et
1247 1880 1406 1933 veluti
1424 1877 1745 1934 Gotthorum
1761 1876 1985 1930 tesauros

383 1959 635 2019 Romani,
652 1952 866 2009 Narsete
889 1953 1038 2016 duce,
1052 1952 1172 2008 inde
1189 1955 1496 2017 extulerunt,
1515 1952 1583 2007 fic
1599 1955 1753 2007 etiam
1770 1956 1987 2022 Neapo-

380 2036 527 2090 litani
547 2033 826 2086 sanctarum
855 2029 1131 2101 reliquiar-u
1161 2028 1384 2085 tesauros
1401 2032 1561 2086 veluti
1578 2032 1821 2084 victoriae
1836 2046 1989 2100 pom-

381 2129 502 2183 pam
519 2107 802 2178 Neapolim
826 2121 1158 2176 reportarunt.
1186 2108 1346 2178 Qod
1363 2106 1491 2161 infra
1505 2107 1753 2160 dicemus·

459 2183 619 2258 Qod
635 2185 701 2238 ad
722 2184 856 2236 viros
873 2181 990 2234 illos
1004 2181 1216 2237 illustres
1233 2187 1415 2238 attinet
1436 2222 1454 2247 ,
1486 2180 1778 2238 Goffridum
1793 2220 1810 2245 ,
1830 2182 1988 2234 Inno-

381 2273 576 2324 centius
595 2266 834 2323 Pontifex
851 2265 1076 2318 nobilem
1096 2268 1259 2322 virum
1279 2267 1518 2339 appellat,
1536 2270 1587 2318 δε
1600 2262 1790 2335 semper
1809 2261 1983 2335 profe-

83 2333 349 2430 ἕᾎξῇζέᾞ
383 2350 465 2401 cto
482 2345 675 2400 familia
695 2343 723 2396 e
748 2339 1130 2396 Montefusculo
1149 2345 1375 2416 Neapoli
1388 2339 1686 2396 nobiliffime
1708 2342 1835 2393 vixit
1854 2379 1866 2392 .
1888 2341 1985 2392 Pe·-

83 2416 273 2482 Ferraria‘.
382 2441 488 2477 trus
507 2440 628 2477 vero
647 2420 674 2474 ὲ
692 2418 886 2472 familia
904 2418 1101 2472 Lieiera
1121 2459 1137 2482 ,
1155 2439 1288 2491 quae
1305 2424 1354 2473 δε
1372 2420 1588 2472 Li&ei·ia
1603 2454 1619 2479 ,
1636 2420 1687 2468 ἃ
1704 2417 1935 2469 [οέὶεῑῐει
1953 2413 1984 2468 ὲ

382 2501 594 2553 ciuitate
613 2514 748 2569 quae
763 2512 870 2547 non
888 2493 1043 2566 longe
1061 2495 1089 2549 a
1106 2495 1331 2550 Vesuuio
1347 2496 1482 2549 dicta
1496 2532 1511 2556 ,
1540 2495 1581 2547 is
1600 2495 1667 2546 est
1685 2493 1876 2546 Comes
1900 2491 1983 2543 cui

381 2576 649 2629 Federicus
665 2575 947 2643 Imperator
963 2570 1085 2623 dum
1103 2572 1454 2643 Neapolitano
1469 2587 1626 2641 regno
1643 2565 1982 2639 potiretur,ad

380 2652 559 2704 aedem
579 2648 930 2704 Cat-melitana
954 2647 1180 2717 Neapoli
1199 2650 1250 2700 in
1277 2666 1381 2719 qua
1396 2646 1622 2700 familiae
1639 2645 1854 2716 antiqua
1871 2659 1982 2694 mo-

377 2743 622 2780 numenta
640 2738 912 2779 cernuntur
927 2760 944 2784 ,
969 2740 1148 2796 agrum
1162 2725 1302 2777 dono
1321 2723 1462 2776 dedit
1480 2741 1634 2794 quem
1651 2719 1750 2774 hac
1765 2735 1981 2791 quoque

372 2819 544 2858 aetate
562 2802 787 2858 Comitis
803 2798 1011 2854 hortum
1026 2799 1182 2854 dicut.
1219 2798 1523 2855 Letterensis
1543 2798 1767 2853 ciuitatis
1783 2795 1979 2924 dpmini

1841 2889 1973 2924 uere.
