2112 3214
98 2643 225 2692 Aquae
239 2656 285 2681 ex
297 2644 361 2678 mi-

94 2696 185 2731 neris
210 2697 361 2746 accipiat

92 2750 298 2798 quaiizazes.

394 158 474 201 54
760 139 1633 206 DEBALNEJ‘S

386 255 686 312 contineant
720 258 889 332 ignem
922 259 1074 314 alueo
1101 282 1116 321 3
1161 260 1500 335 quamobrem
1533 262 1874 336 Empedocles
1904 256 2000 322 fibi

383 330 626 401 persuasit
652 351 817 407 aquas
845 332 1196 392 subterraneas
1230 337 1439 413 ignibus
1473 339 1717 396 calescere
1744 338 1784 396 fi
1811 339 2000 398 subsint

382 403 492 461 solo
507 425 594 480 per
611 411 754 482 quod
772 409 908 483 ipsae
921 413 1393 483 praeterlabuntur,
1431 416 1589 472 veluti
1620 416 1797 473 ahenis
1817 416 2003 489 suppo-

383 481 491 538 fitis
511 486 718 559 ignibus
736 489 975 562 quotidie
994 510 1156 565 aquas
1178 490 1426 548 calescere
1443 496 1759 565 experimur.
1793 493 1997 568 Atqui·
2077 494 2079 496 ’

382 561 502 616 dem
522 582 637 617 cum
656 580 818 620 terrae
834 568 1037 622 canales
1054 587 1158 623 non
1189 588 1252 625 ex
1269 570 1489 625 metaliis
1519 571 1749 625 constent
1765 608 1781 633 ,
1816 569 1898 625 sed
1931 589 1995 626 ex

382 634 543 703 saxis,
578 644 630 695 δε
652 640 753 696 iam
787 642 940 714 plane
956 647 1223 719 cognitum
1239 647 1357 720 igne
1374 644 1491 701 saxa
1522 646 1798 722 perfringi,
1832 664 1996 719 aquas

382 732 462 771 tot
478 714 690 772 saeculis
707 719 929 775 calorem
955 723 1172 777 retinere
1199 721 1341 777 haud
1370 721 1645 795 potuissent
1671 763 1684 777 .
1746 724 1885 777 Hinc
1917 723 1996 778 fa·-

380 796 521 848 Ctum
538 795 607 849 est
624 809 679 849 vt
693 794 759 849 ab
775 796 1102 869 Empedoclis
1122 797 1368 855 sententia
1384 800 1524 855 docti
1548 802 1646 855 viri
1661 798 1994 865 discederent,

381 887 541 943 atque
556 871 832 928 statuerent
846 911 864 938 ,
893 872 1120 944 spiritum
1140 874 1421 932 feruentem
1441 879 1533 950 qui
1549 896 1611 931 ex
1636 876 1855 931 occultis
1889 892 1993 931 ter-

382 965 470 1002 rae
485 948 739 1017 incendiis
755 987 772 1014 ,
787 948 1032 1024 venisque
1045 955 1230 1016 oritur,
1248 971 1338 1024 per
1358 951 1593 1008 saxorum
1610 952 1821 1008 rimulas
1835 955 1886 1007 in
1909 971 1993 1008 ca-

384 1025 526 1078 nales
546 1042 799 1098 aquarum
817 1027 1090 1102 ingressum
1108 1068 1124 1094 ,
1141 1031 1404 1085 interiores
1430 1049 1609 1085 eorum
1619 1031 1838 1102 parietes
1858 1031 1995 1086 cale-

376 1099 557 1156 facere
571 1141 585 1155 .
605 1102 707 1157 Sed
725 1122 993 1178 nunquam
1011 1122 1211 1161 tantum
1227 1108 1411 1161 caloris
1431 1110 1461 1162 a
1474 1105 1690 1162 feruenti
1706 1105 1877 1177 spiritu
1905 1125 1992 1161 ac-

385 1179 576 1250 cipient
590 1197 758 1252 aquae
774 1219 792 1245 ,
809 1180 925 1235 cum
943 1183 1075 1257 ignis
1093 1183 1293 1238 tantum
1311 1183 1439 1238 illud
1456 1181 1655 1238 efficere
1668 1199 1828 1256 queat
1845 1222 1858 1236 .
1891 1181 1994 1237 Af-

384 1253 691 1310 firmandum
708 1258 886 1330 itaque
901 1260 1104 1314 canales
1133 1262 1306 1334 ignem
1322 1262 1373 1317 in
1387 1260 1539 1317 alueo
1558 1261 1995 1334 continere2aquis

383 1349 689 1405 perpetuum
705 1334 928 1390 calorem
944 1336 1295 1407 praebentem.

461 1408 677 1481 Saepius
694 1427 866 1467 tamen
885 1451 904 1479 ‚
932 1415 1006 1468 ait
1019 1416 1234 1469 Raecius
1254 1453 1271 1478 ,
1300 1417 1532 1471 Graecos
1548 1411 1814 1485 scriptores
1832 1451 1846 1475 ‚
1862 1408 1996 1467 gcurn

386 1484 723 1541 Thermarum
737 1492 1052 1546 mentionem
1064 1488 1264 1547 faciunt
1275 1529 1292 1555 ‚
1324 1489 1503 1563 sponte
1524 1491 1715 1546 calidas
1732 1486 1991 1544 nascentes

386 1562 676 1637 intelligere
702 1604 717 1619 .
776 1563 959 1640 Atque
975 1565 1067 1622 has
1085 1568 1299 1642 quidem
1314 1568 1396 1623 vel
1428 1571 1541 1623 adiu
1572 1571 1625 1623 &
1639 1568 1872 1639 potentia
1892 1562 1992 1620 esse

388 1636 581 1695 calidas
596 1679 613 1703 ‚
629 1641 789 1696 veluti
806 1640 1106 1715 sulphureae
1126 1683 1142 1708 ‚
1159 1643 1266 1700 bitu
1274 1641 1502 1699 minosae
1515 1648 1569 1700 «δε
1585 1641 1995 1715 εὶιιίηιοάἱ,(]ωιε

388 1734 619 1787 tepentes
636 1715 745 1771 sunt
761 1757 779 1781 ‚
796 1720 993 1776 calidae
1009 1760 1027 1784 ‚
1041 1726 1091 1776 &
1109 1721 1363 1776 feruentes
1379 1743 1392 1782 3
1412 1721 1494 1776 vel
1512 1721 1707 1776 calidas
1722 1718 1884 1775 solum
1901 1736 1996 1790 po·

389 1795 545 1848 tentia
563 1833 577 1858 ‚
595 1793 807 1869 frigidas
823 1801 937 1852 actu
956 1817 1019 1852 ex
1037 1815 1165 1853 terra
1181 1816 1485 1869 promanare
1517 1838 1533 1852 .
1570 1798 1695 1854 alias
1712 1794 1891 1852 contra
1905 1814 2000 1849 ca-

386 1871 519 1926 lidas
537 1875 649 1925 aCtu
671 1870 925 1936 scaturire,
942 1875 1274 1929 calefaciendi
1291 1892 1463 1930 tamen
1480 1875 1672 1930 nullam
1690 1873 1874 1928 habere
1892 1872 1994 1926 vir-

387 1964 550 2003 tutem
573 1987 589 2011 ,
619 1967 752 2020 quas
781 1953 935 2004 etiam
953 1970 1123 2024 neque
1150 1951 1434 2006 medicatas
1454 1990 1470 2014 ‚
1499 1969 1667 2024 neque
1690 1953 1874 2004 mixtas
1903 1966 1995 2020 ap-

389 2024 655 2097 pellandas
675 2022 771 2078 effe
785 2024 1044 2082 assererem
1059 2069 1071 2080 .
1095 2026 1381 2082 Rariffimae
1396 2030 1532 2082 enim
1552 2046 1720 2100 aquae
1735 2024 1844 2081 sunt
1861 2043 1994 2098 qua-e

389 2102 590 2155 calidae
607 2099 934 2158 scaturientes
950 2143 966 2168 2
986 2124 1087 2157 non
1106 2106 1260 2158 etiam
1276 2107 1325 2158 δε
1343 2107 1537 2159 mixtae
1552 2103 1650 2158 fint
1664 2142 1680 2167 2
1702 2107 1752 2158 ἃ
1772 2105 1998 2156 medica-

392 2195 475 2232 tae
489 2217 504 2240 ,
527 2178 967 2250 quemadmodum
987 2183 1139 2234 etiam
1158 2185 1207 2235 ἃς
1227 2184 1419 2236 mixtae
1436 2184 1485 2235 δε
1502 2182 1785 2236 medicatae
1801 2177 1830 2233 31
1847 2194 1998 2233 natu-

391 2273 444 2308 ra
462 2253 576 2308 raro
590 2258 909 2324 reperiuntur
925 2256 1299 2332 quae'fitigidae
1330 2256 1430 2312 fint
1445 2259 1659 2312 omnino
1674 2298 1688 2312 .
1728 2259 1879 2329 Qae
1891 2253 1929 2308 fi
1946 2273 2003 2309 a·

391 2331 571 2403 liquae
586 2329 806 2403 frigidae
821 2352 1087 2408 emergunt
1104 2374 1121 2399 ,
1149 2334 1203 2388 id
1223 2333 1402 2406 potius
1421 2334 1613 2389 accidit
1628 2330 1772 2407 quod
1785 2351 1875 2405 per
1890 2331 2005 2385 Ion-

392 2427 514 2480 gum
534 2424 694 2462 terrae
711 2408 882 2464 locum
899 2409 1128 2466 ferantur
1143 2410 1231 2467 vbi
1245 2430 1351 2465 non
1366 2408 1571 2466 subsunt
1584 2413 1729 2485 ignes
1744 2447 1762 2473 ,
1785 2411 1837 2464 &
1855 2407 1884 2464 a
1901 2424 2003 2463 ter-

390 2503 476 2538 rae
492 2481 774 2557 fi-igiditate
792 2490 1097 2542 contrariam
1115 2490 1380 2560 accipiunt
1396 2487 1704 2560 qualitatem
1721 2525 1736 2540 .

467 2559 653 2633 Aquas
672 2560 793 2617 vero
811 2565 1095 2619 medicatas
1110 2603 1128 2628 2
1150 2567 1201 2619 &
1221 2565 1488 2619 minerales
1505 2603 1523 2630 ,
1552 2568 1604 2619 8(
1618 2561 1902 2618 metallicas
1917 2579 2005 2616 eas

391 2636 728 2710 intelligimus
746 2678 762 2704 ‚
800 2658 939 2714 quae
953 2660 1014 2695 ex
1032 2641 1358 2696 metallorum
1379 2642 1554 2713 primis
1571 2642 1776 2695 mineris
1797 2635 1907 2693 suas
1925 2640 2003 2692 vi-

388 2731 468 2766 res
488 2712 681 2768 habent
698 2754 713 2778 ‚
748 2736 886 2789 quae
903 2717 1106 2772 illorum
1123 2719 1287 2789 prima
1315 2716 1430 2773 sunt
1443 2720 1592 2793 origo
1607 2757 1625 2782 ‚
1655 2720 1706 2771 δε
1726 2713 1872 2790 quasi
1887 2713 2003 2769 foe-

388 2803 469 2843 tus
486 2808 663 2845 recens
687 2795 856 2850 editus
869 2833 891 2860 ,
918 2793 1021 2851 hoc
1037 2796 1106 2850 est
1121 2797 1451 2852 immaturum
1465 2795 1729 2852 metallum
1741 2810 1865 2848 cum
1883 2788 2000 2845 sub-

1804 2869 1990 2924 stantia
