2112 3214
144 270 266 325 Lib.9.
279 281 376 324 e.53.

135 662 248 702 Pollio
267 662 396 714 Pausi-

132 717 253 767 lrpani
275 722 399 768 Auga-

121 773 188 823 ste}
207 773 398 812 haeredem

124 828 242 877 jacit.

114 2422 166 2464 ln
182 2424 346 2466 Lucullo.

447 159 566 204 192
852 137 1680 199 PVTEOLANA

435 254 623 312 collem
639 254 959 312 nobilitarint
970 297 984 311 .
1003 258 1090 312 De
1106 257 1296 332 quibus
1310 255 1380 314 fic
1397 260 1619 322 Plinius3
1638 259 1932 326 Pausilypum
1947 257 2042 308 vil-

433 330 477 379 la
492 329 552 398 est
564 334 840 395 Campaniae
855 332 981 379 haud
993 336 1158 395 procul
1182 336 1407 397 Neapoli.
1439 337 1463 380 l
1470 351 1500 379 n
1514 352 1564 382 ea
1586 334 1789 395 Caefizris
1800 334 1988 398 pist-inis
2009 333 2039 381 d

433 396 637 447 Pollione·
648 401 694 446 V
696 398 781 444 ihio
794 397 1041 449 coniecflum
1060 399 1224 462 pistem
1238 433 1252 452 ‚
1263 400 1592 464 fixagefimum
1610 402 1893 464 paſsaranum
1907 400 2037 463 expi-

431 462 543 529 raffi
552 461 724 527 scribit
748 466 966 512 Annaeus
983 467 1148 512 Seneca
1173 499 1183 517 ‚
1212 464 1380 512 duobus
1403 464 1501 529 alffs
1514 465 1770 529 aequa-libus
1783 469 1878 512 eius
1891 482 1951 512 ex
1965 479 2036 511 eo-

429 536 529 584 dem
540 550 709 601 genere
729 536 830 583 tam
857 535 1118 583 viuentibus
1131 572 1142 584 .
1179 530 1305 587 Ideo
1338 549 1510 587 tamen
1526 531 1747 605 piscinae
1762 531 1999 588 Caesaris
2014 571 2033 596 ,

429 627 547 664 nam
567 609 735 663 Pollio
752 608 1154 682 Paufilypanum
1173 607 1408 685 Augusto
1425 610 1689 684 legauerat
1701 634 1714 671 ;
1732 613 1971 660 Τελευτῆσωε
1984 609 2032 659 δὲ

430 688 588 730 Πωλίων
601 683 660 743 τῷ
673 684 858 741 Αυγεύτῳ
876 680 951 730 ‘7500'
963 687 1080 729 o'mloev
1092 717 1106 738 ‚
1122 680 1180 737 aq)
1193 682 1255 730 τὲν
1270 686 1526 733 naua—immi*
1537 687 1676 745 χωρίον
1690 678 1741 733 τέ
1751 680 2032 743 μεταξδΝέας·

427 752 498 796 τῆς
510 751 661 799 πόλεως
679 763 713 813 ιθ
739 752 805 800 σῗῦ·
821 750 1048 795 Πουτεᾶλων
1063 755 1292 809 mmmmm
1310 753 1526 799 Moriens
1541 752 1682 800 Pollio
1698 753 1879 815 (inquit
1897 750 2025 812 Dio)

425 815 637 881 AuguHo
653 821 834 864 domum
862 818 924 876 &a
949 817 1303 882 Paufilypanum
1315 817 1459 882 prope*
1475 817 1718 879 Neapolim
1741 814 2029 874 &Puteolor

422 887 628 953 reliquit.
663 882 844 958 Atque
860 887 904 939 is
922 900 1030 940 erat
1045 885 1228 942 Vibius
1249 886 1335 940 ille
1350 924 1368 950 ,
1397 886 1479 940 vel
1495 885 1694 941 Vedius
1712 902 1869 959 quem
1884 883 2024 938 idem

421 964 533 1018 Dio
551 960 721 1018 scribit
736 964 1011 1019 Muraenas
1026 965 1079 1018 in
1093 961 1297 1037 'piscinis
1327 961 1555 1018 habuisse
1581 1002 1598 1027 ,
1628 980 1760 1037 quas
1791 960 2022 1015 humana

417 1058 570 1094 carne
595 1036 727 1095 vesci
754 1039 1003 1098 docuerat
1031 1081 1047 1106 ‚
1076 1038 1314 1116 quibusq.
1332 1042 1586 1113 mancipia
1603 1042 1755 1095 morti
1771 1039 2019 1093 destinata

417 1116 527 1186 obij
533 1117 699 1171 ciebat
716 1156 732 1181 2
749 1135 908 1190 quare
924 1137 1030 1173 non
1057 1119 1123 1174 ad
1139 1120 1348 1174 delicias
1366 1115 1449 1171 sed
1467 1117 1533 1171 ad
1565 1136 1784 1189 poenam
1816 1134 1901 1170 eas
1929 1132 2020 1186 pa-

414 1192 538 1248 rasse
553 1195 1063 1250 dicerem.Coenauit
1078 1195 1216 1267 apud.
1232 1213 1350 1249 eum
1369 1193 1500 1249 forte
1514 1192 1598 1248 Au
1607 1197 1795 1267 gustus,
1814 1194 1877 1247 Et
1899 1192 2017 1246 cum

412 1287 540 1343 puer
565 1274 656 1344 qui
674 1287 782 1325 erat
799 1272 864 1326 ad
882 1272 1100 1345 cyathos
1115 1291 1204 1327 vas
1221 1271 1587 1326 christallinum
1603 1268 1827 1345 fregiffet
1840 1307 1856 1331 ‚
1873 1271 1924 1322 in
1937 1269 2017 1340 pi-

410 1345 600 1402 scinam
615 1351 877 1403 Muraenis
894 1365 1001 1403 erat
1014 1346 1663 1419 obijciendus.Obsecrauit
1678 1367 1803 1420 puer
1829 1344 2015 1420 Augu-

409 1425 538 1480 stum
553 1444 615 1479 ne
629 1443 692 1479 eo
707 1428 886 1480 mortis
902 1445 1086 1501 genere
1103 1428 1434 1482 occideretur.
1446 1428 1656 1481 Dimitti
1671 1443 1884 1498 puerum
1903 1423 2014 1476 Au-

411 1499 731 1574 gustusiuffit
746 1542 763 1567 ,
779 1507 831 1558 &
851 1503 1104 1576 quicquid
1120 1501 1238 1558 effet
1253 1503 1697 1576 chrystallinorum
1728 1500 1866 1573 apud
1894 1498 2014 1554 Pol-

409 1578 600 1633 lionem
619 1577 784 1634 afferri
802 1619 817 1643 ,
836 1584 886 1634 δε
904 1581 1057 1634 allata
1072 1579 1346 1654 perfringi,
1374 1583 1426 1634 ὃς
1444 1581 1649 1634 immitti
1665 1582 1715 1633 in
1732 1575 1977 1651 piscinam
1995 1614 2010 1629 .
2030 1613 2036 1650 5

408 1657 525 1709 Fuit
541 1652 749 1711 Caesari
763 1655 833 1712 fic
850 1658 1172 1732 castigandus
1191 1660 1388 1712 amicus
1409 1659 1604 1729 <inquit
1617 1659 1835 1721 Seneca)
1853 1658 1904 1709 &
1921 1652 2012 1708 be-

410 1731 475 1786 ne
493 1730 603 1787 Vsus
620 1735 687 1788 est
704 1734 895 1789 viribus
910 1732 1004 1789 suis
1032 1774 1046 1788 .
1081 1737 1215 1808 Qlis
1233 1732 1500 1788 diuinasset
1511 1733 1623 1789 fore
1637 1751 1693 1789 vt
1714 1731 2011 1806 Pausilypa-

406 1827 504 1864 nae
520 1828 791 1866 muraenae
804 1811 1045 1883 deinceps
1063 1809 1436 1866 delicatissimae
1451 1808 1606 1865 essent
1620 1807 2015 1865 existimandae?

407 1886 658 1941 Pollionis
674 1889 824 1943 aedes
839 1891 951 1960 post
966 1891 1072 1944 eius
1093 1887 1239 1942 obitu
1253 1887 1352 1942 hac
1369 1889 1433 1941 de
1450 1885 1599 1942 causa
1611 1886 1844 1941 funditus
1862 1903 2008 1940 euer-

406 1962 471 2017 tit
489 2001 506 2026 ‚
533 1966 584 2017 &
599 1983 662 2017 ex
683 1967 790 2019 eius
819 1966 1071 2038 relliquijs
1089 1962 1434 2021 circumducta
1448 1968 1650 2037 porticu
1664 1966 1860 2019 Romae
1876 2002 1893 2026 ,
1918 1961 2007 2016 Li-

405 2041 498 2093 uiae
515 2043 722 2095 nomine
738 2045 1008 2096 exornauit
1021 2082 1035 2096 .
1049 2040 1342 2097 Arbitratus
1359 2040 1508 2097 effem
1525 2039 1807 2115 aliquando
1823 2058 1908 2094 eas
1925 2040 2005 2111 pi-

404 2113 567 2170 scinas
583 2118 712 2171 inter
729 2116 974 2172 Nesidem
1003 2123 1053 2174 δε
1072 2118 1405 2192 Pausilypum
1421 2117 1567 2173 fuiffe
1579 2117 1770 2191 pofitas
1785 2134 2006 2189 quarum

403 2208 584 2247 extant
600 2195 774 2248 ruinae
805 2201 825 2260 (
841 2197 1106 2266 Copinum
1123 2233 1139 2259 ,
1166 2196 1460 2268 appellant)
1486 2198 1704 2250 crustato
1722 2193 1894 2250 adhuc
1909 2211 2003 2265 pa-

405 2272 530 2323 riete
547 2308 563 2333 ‚
590 2269 846 2344 oblongae
860 2310 875 2335 ,
892 2271 1079 2345 cymba
1094 2272 1412 2346 nauigabiles
1430 2312 1445 2336 ,
1477 2272 1543 2326 ad
1561 2290 1690 2346 quas
1708 2290 1797 2344 per
1813 2271 2003 2344 gradus

404 2347 497 2418 qui
513 2363 689 2401 extant
704 2345 1079 2402 descendebant
1092 2371 1105 2409 3
1126 2347 1216 2404 nifi
1236 2349 1509 2404 Lucullum
1530 2351 1724 2403 maiora
1741 2348 1810 2402 ibi
1828 2344 2000 2401 fecisse

403 2419 579 2476 scirem
596 2462 612 2486 ‚
628 2425 716 2496 qui
734 2422 977 2477 exhausta
993 2423 1188 2479 inferne
1203 2442 1334 2480 terra
1354 2464 1371 2489 ,
1402 2442 1458 2480 vt
1472 2423 1642 2479 scribit
1659 2421 1963 2478 Plutarchus
1975 2459 1995 2486 ,

401 2499 560 2553 colles
576 2498 792 2570 pensiles
812 2498 1061 2554 efficiebat
1079 2540 1095 2564 ,
1114 2500 1335 2573 cursusq.
1361 2503 1411 2554 in
1427 2504 1551 2554 mari
1566 2540 1581 2564 ,
1607 2499 1801 2573 piscoso
1817 2498 1998 2554 tranfi-

399 2590 456 2629 tu
473 2575 684 2631 aedibus
699 2570 797 2630 suis
816 2577 1589 2640 circumdutit02habitationibus
1613 2580 1664 2631 in
1681 2580 1806 2632 mari
1823 2593 1996 2630 extru-

398 2653 735 2723 &iS,qua1·um
753 2655 960 2727 vestigia
978 2650 1210 2707 sexcenta
1226 2655 1277 2707 in
1291 2672 1354 2708 eo
1374 2655 1545 2708 littore
1561 2658 1811 2708 cernimus
1830 2692 1845 2716 ,
1865 2670 1996 2726 qua-

395 2744 604 2799 propter
633 2727 676 2796 a?
694 2729 968 2783 Tuberone
994 2731 1204 2793 StoicO‚
1221 2747 1431 2804 togatus
1461 2729 1634 2785 Xerses
1652 2730 1749 2785 fuit
1767 2729 1993 2801 appella-

393 2819 476 2858 tus
496 2843 509 2857 .
528 2807 687 2859 Maris
704 2804 942 2861 tranfitus
959 2808 1010 2860 in
1024 2805 1255 2880 pluribus
1268 2808 1397 2863 locis
1415 2807 1776 2881 &spiciunt-ur,
1797 2810 1848 2861 ὃς
1861 2809 1992 2859 inter

1863 2900 2011 2955 prae-
