2112 3214
119 603 140 642 I
143 603 221 655 dyll.
235 617 257 656 9
263 632 275 646 .

426 167 556 213 106
824 158 1648 220 PVTEOLANA

418 287 611 340 ceptum,
629 272 770 327 nullo
787 275 967 331 arbore
983 274 1255 341 consitum,
1269 274 1353 332 sed
1368 276 1563 330 nudum
1579 316 1596 341 ,
1613 293 1772 350 quare
1785 293 1889 331 non
1907 272 2017 333 cre-3
2092 294 2094 304 ’

418 348 645 403 dendum
660 350 851 407 vitibus
867 351 1012 406 fuisse
1027 352 1372 409 abundantem
1384 391 1402 417 ‚
1422 356 1474 406 δε
1492 352 1610 408 cum
1626 353 1691 409 de
1705 358 1828 408 vIno
1842 354 2017 427 loqui·
2092 411 2094 430 Ι

414 440 547 488 mur,
563 429 865 482 Gauranum
880 428 1040 499 prope
1060 428 1325 483 Mafficum
1347 429 1692 501 intelligamus
1710 428 1901 485 necesse
1918 431 1987 484 est
1997 452 2015 491 ς
2091 437 2094 479 ἔ

414 500 497 553 vel
514 503 716 557 inanem
731 504 857 558 dicit
873 543 888 567 ,
906 523 1023 558 nam
1042 509 1271 559 cauernis
1286 505 1412 559 olim
1427 503 1722 561 abundabat
1744 547 1759 560 .
1790 505 2017 579 Sulphu-

416 594 561 633 reum
577 578 681 632 dici
705 579 769 633 ab
785 578 1015 635 Ausonio
1035 580 1262 636 arbitrati
1277 579 1389 636 sunt
1402 620 1420 645 ,

614 657 751 705 Tales
766 665 974 708 Cumano
987 660 1205 724 despecffac
1218 666 1268 708 in
1282 676 1471 725 aequore
1482 660 1608 709 ludos

613 728 744 776 Liber
758 765 770 784 ,
773 730 1009 795 sulphurei
1025 743 1112 793 per
1133 733 1240 796 iuga
1255 732 1414 793 consita
1427 734 1577 779 Gauri

616 803 756 866 Perq.
773 802 1023 866 vaportferi
1033 803 1260 866 graditur
1272 805 1430 850 vineta
1445 805 1490 850 V
1494 802 1618 863 fini,

455 875 628 948 Qem
645 892 815 930 tamen
830 877 895 931 de
910 879 1076 950 primo
1096 881 1275 932 Gauro
1288 876 1513 951 loquutfi
1531 874 1724 931 affirmo
1742 874 1867 931 &ob
1882 873 2017 933 scross
2092 923 2095 932 i

415 949 505 1004 bes
538 949 801 1007 Sueffanas
827 957 1058 1009 Gaurum
1084 955 1175 1026 qui
1191 955 1442 1018 imminet,
1461 952 1786 1026 sulphureum
1804 952 1978 1012 dixisse
1993 993 2012 1011 .

416 1023 493 1081 At
505 1026 746 1084 Sidonius
766 1028 1080 1101 Apollinaris
1096 1031 1160 1084 de
1180 1031 1464 1087 Puteolano
1483 1032 1686 1094 cecinit,

612 1108 751 1154 Inter
765 1108 939 1155 delicias
950 1109 1171 1156 moHirent
1188 1120 1374 1172 corpora
1386 1111 1524 1158 Baiae
1538 1142 1551 1163 ‚

613 1181 656 1225 E
662 1188 680 1224 t
691 1178 740 1240 st
757 1181 983 1227 Lucrinus
993 1180 1086 1244 qud
1100 1182 1252 1243 vergit
1267 1181 1452 1225 Gaurus
1465 1180 1512 1226 in
1524 1177 1689 1226 vndas.

452 1251 510 1304 In
530 1248 635 1304 hoc
653 1266 831 1305 monte
845 1250 1003 1323 quam
1018 1251 1154 1306 varie
1168 1247 1425 1305 Diabolus
1443 1246 1799 1304 inuentoribus
1811 1246 2020 1307 thesauss

415 1344 588 1380 rorum
605 1326 777 1380 illudit
798 1329 820 1380 ἒ
844 1330 1105 1400 Qantam
1123 1326 1217 1381 fibi
1246 1327 1297 1378 in
1316 1328 1428 1380 eius
1442 1323 1716 1382 visceribus
1732 1326 2016 1384 carbuncu-

415 1402 584 1457 lorum
606 1404 807 1473 copiam
823 1405 1153 1477 proponunt?
1182 1402 1475 1460 Ridiculum
1490 1399 1723 1478 profecti>
1736 1442 1755 1470 ,
1779 1407 1831 1460 ὃς
1845 1402 2022 1462 homi·-
2090 1462 2091 1466 ,

413 1496 479 1534 ne
494 1477 781 1553 indignum.
1752 1496 1755 1498 ’
2089 1483 2091 1506 ²

1663 2893 1667 2895 v
1721 2811 1995 2873 BAIAE.
