2112 3214
363 150 449 210 ‘38
768 139 925 202 DE
1019 145 1616 204 BALNEIS

365 274 451 314 tur
465 295 483 323 ,
501 253 542 312 fi
560 253 638 312 bis
658 254 711 311 in
726 252 809 310 die
826 254 1043 311 lauerint
1058 294 1075 320 ,
1088 273 1193 310 non
1212 272 1423 327 peccare
1439 254 1608 313 scribit
1619 297 1633 313 .
1650 273 1760 313 tum
1775 255 1983 315 demum

372 333 414 391 fi
429 332 691 390 adfuerint
706 330 850 410 figna
868 330 1057 405 quibus
1074 332 1240 387 lauari
1254 333 1530 398 conducat,
1544 334 1712 390 lauare
1727 352 1978 407 oportere.

69 399 337 509 ffZLJgdjffig·
451 410 595 467 Idem
613 411 953 481 Hippocrates
971 405 1139 462 scribit
1167 431 1179 467 ;
1202 407 1318 465 cum
1333 425 1507 479 partus
1520 427 1856 484 purgamenta
1878 429 1984 466 non

84 471 115 495 '⁶
197 482 207 495 '
330 482 340 494 ”
376 485 567 546 fuerint
581 500 800 560 purgata
817 522 833 549 ,
852 503 915 539 ex
928 486 1081 553 varijs
1099 481 1450 539 affectionibus
1465 485 1755 540 lumborum
1776 524 1792 549 ‚
1823 488 1951 541 vteri
1967 524 1985 549 ,
2062 501 2064 503 ’

377 563 670 619 foemorum
692 599 708 625 ,
736 559 903 615 febres
921 577 1096 615 acutas
1112 558 1218 616 fieri
1231 600 1247 614 .
1294 562 1457 631 Qod
1473 559 1510 615 fi
1526 560 1597 615 ita
1612 560 1766 616 fuerit
1781 600 1799 625 ,
1826 560 1856 616 a
1871 563 1988 616 Bal-

374 642 483 695 neis
512 635 609 694 effe
639 636 993 695 abstinendum
1007 677 1020 690 .
1070 638 1124 692 Si
1157 634 1278 692 vero
1302 635 1457 692 febris
1488 635 1620 693 adfit
1637 676 1656 702 ,
1686 638 1877 693 Balneo
1893 634 1991 693 effe

79 736 342 782 Libadeoiae
377 715 653 772 curandam
674 753 688 768 .
730 714 874 768 Idem
891 716 1066 767 auctor
1087 728 1314 786 quatuor
1325 714 1634 768 Balneorum
1651 731 1838 788 genera
1867 731 1993 767 cono

76 802 116 833 *a
130 819 139 830 ·
376 794 562 854 stituit,
597 798 693 853 ⁰⁸pr
709 792 877 850 πὸτιμον
892 828 902 845 ,
920 790 1088 851 ἑλμυρδν
1101 786 1251 846 λουφςέν
1265 826 1279 847 ,
1301 789 1421 852 θερμί
1434 785 1576 846 aaran«)
1584 826 1597 846 ‚
1616 800 1655 841 ὅ(
1673 788 1814 853 ψυχςαῖ
1827 787 1994 845 notarri.

377 867 602 924 Addidit
616 863 845 937 primum
864 865 1110 920 Balneum
1131 903 1148 928 ,
1163 863 1374 939 Aquam
1390 864 1671 937 potabilem
1689 905 1706 929 ,
1733 864 1996 921 humectate

378 963 431 1002 re
452 982 468 1008 ,
499 939 865 1016 &frigefacere
890 980 907 1005 ,
932 941 1049 995 cum
1066 940 1307 996 exhibeat
1337 944 1566 1013 corporis
1594 941 1956 996 humiditatem
1973 979 1987 996 .

381 1019 710 1081 Secundum,
746 1016 941 1073 Salsum
958 1011 1180 1080 scilicet,
1213 1016 1523 1082 calefacere,
1551 1021 1603 1073 &
1621 1018 1808 1073 ficcare
1831 1056 1848 1081 ,
1871 1035 1993 1073 nam

381 1094 563 1152 natura
582 1093 808 1149 calidum
824 1092 854 1148 a
871 1111 1085 1166 corpore
1103 1092 1464 1150 humiditatem
1486 1095 1662 1149 educit
1678 1134 1692 1149 .
1733 1096 1963 1151 Tertium
1978 1137 1997 1164 ‚

383 1173 656 1234 Calidum,
674 1171 900 1225 ieiunum
920 1187 1182 1224 attenuare
1198 1173 1251 1226 &
1266 1168 1566 1243 frigefacere
1582 1169 1797 1243 quando
1813 1187 1901 1241 per
1915 1186 2000 1224 ca..

380 1250 635 1304 liditatem
653 1246 682 1302 a
699 1264 913 1317 corpore
938 1245 1299 1303 humiditatem
1314 1247 1483 1310 elicit,
1503 1249 1556 1300 &
1585 1252 1798 1308 κενουμένης
1824 1252 1894 1296 υῖε
1906 1267 2000 1308 mp-

383 1318 451 1369 uo'r
471 1324 548 1369 τοῦ
557 1323 683 1379 u‘ypoo‘
691 1318 878 1378 »ψῦχετω
899 1317 948 1364 π’
961 1322 1076 1377 σὸμα
1091 1342 1105 1378 ;
1131 1321 1289 1367 εόιιέῗα
1302 1320 1325 1367 ὲ
1339 1337 1469 1368 came
1481 1323 1747 1368 humiditate
1762 1333 1920 1384 corpus
1931 1336 2002 1367 re-

366 1394 667 1463 frigeratur.
706 1388 823 1444 Post
837 1387 1008 1441 cibum
1024 1425 1042 1452 ,
1061 1388 1195 1443 idem
1213 1386 1495 1444 calefacere
1511 1426 1529 1455 a
1543 1391 1595 1442 ὃς
1612 1388 1904 1443 humectare
1921 1385 2001 1441 af·-

385 1462 536 1520 fimat
550 1501 565 1519 .
612 1460 689 1519 At
704 1463 891 1518 Balnea
907 1462 1094 1537 frigida
1110 1501 1127 1526 ‚
1152 1481 1321 1519 vacuo
1336 1464 1545 1537 quidem
1565 1483 1776 1535 corpore
1792 1463 2002 1536 praebe.-

385 1559 439 1596 te
470 1540 735 1612 quandam
764 1538 1031 1597 humidam
1064 1538 1402 1613 frigiditatem
1419 1578 1436 1604 ,
1478 1540 1566 1595 vbi
1599 1540 1744 1595 cibus
1777 1541 2000 1614 ingestus

386 1616 541 1672 fuerit
556 1653 572 1681 ,
587 1613 652 1669 ab
672 1613 886 1670 humido
902 1617 1143 1671 existente
1158 1613 1424 1673 detrahere
1436 1655 1454 1681 ,
1471 1619 1522 1671 ὃ(
1541 1615 1784 1692 frigidum
1800 1615 2006 1673 ficcita-

389 1708 441 1755 te
454 1692 651 1764 replere
665 1730 680 1748 .

469 1767 743 1824 Auicenna
771 1767 1077 1823 Balnearum
1108 1784 1419 1826 nocumenta
1447 1765 1515 1823 sic
1538 1769 1815 1842 exprimit,
1842 1785 1900 1825 vt
1929 1768 2008 1824 di·-

393 1861 479 1901 cat
521 1862 606 1899 eas
634 1841 1001 1922 superfluitates
1039 1844 1107 1899 ad
1147 1844 1373 1902 membra
1402 1847 1453 1899 in
1480 1845 1671 1918 quibus
1697 1848 1768 1901 est
1802 1845 2005 1901 debili·

395 1939 475 1978 tas
507 1919 709 1983 facere,
734 1920 916 1974 leuiter
945 1917 1279 1984 descendere,
1307 1939 1489 1993 corpus
1517 1922 1723 1986 laxare,
1752 1921 2005 1992 impedire

395 2015 605 2059 neruos2
623 1998 676 2049 ὃς
693 1993 940 2050 resoluere
955 1997 1176 2050 calorem
1193 1999 1443 2059 innatum,
1457 1996 1566 2053 tum
1593 1997 1898 2052 comedendi
1914 1996 2008 2051 de-

396 2073 639 2134 fidetium
657 2070 757 2141 deij
765 2090 878 2126 cere
893 2110 909 2135 ‚
925 2076 978 2126 &
995 2071 1217 2126 coeundi
1235 2072 1502 2127 debilitare
1518 2075 1759 2130 virtutem
1774 2113 1788 2129 .
1828 2075 1894 2128 Et
1908 2089 2010 2128 ter-0

399 2151 473 2206 tia
503 2146 726 2204 eiusdem
756 2144 955 2213 subdit,
985 2146 1253 2202 debilitare
1279 2167 1366 2202 cor
1386 2147 1425 2202 si
1447 2149 1665 2204 multum
1694 2148 2010 2205 moratifue⁴

400 2229 502 2283 rint
513 2264 529 2290 ,
551 2223 807 2299 syncopen
825 2226 1048 2282 excitare
1068 2263 1084 2288 ,
1100 2222 1336 2280 nauseam
1353 2228 1405 2280 δε
1420 2228 1626 2298 quietos
1642 2224 1880 2282 humores
1895 2243 2010 2279 mo-

400 2320 523 2364 uere
537 2339 552 2365 ‚
574 2297 764 2373 eosque
781 2301 847 2355 ad
863 2300 1285 2372 putrefactionem
1300 2318 1599 2373 praeparare
1612 2341 1631 2367 ,
1658 2306 1711 2356 &
1727 2320 1843 2363 cum
1862 2303 1923 2372 ijs
1940 2300 2010 2356 ad

404 2377 752 2440 membrorum
770 2376 1021 2432 nobilium
1038 2378 1360 2449 receptacula
1375 2377 1630 2437 declinare
1641 2401 1655 2440 ;
1686 2377 1864 2451 indeq.
1883 2395 2011 2451 apo-

404 2457 616 2513 stemata
636 2471 896 2528 erumpere
907 2494 922 2509 .
971 2454 1036 2508 Et
1050 2456 1212 2525 prima
1227 2456 1398 2528 quarti
1413 2476 1428 2518 5
1449 2459 1581 2506 Facit
1595 2458 1842 2521 descendere
1851 2456 2011 2522 phleg-

405 2544 482 2579 ma
496 2528 758 2591 indigestum
771 2538 961 2592 propter
973 2529 1085 2575 {aad
1096 2530 1217 2592 quod
1225 2530 1473 2595 ffmditus·
1487 2527 1548 2575 ad
1560 2526 1702 2575 locum
1711 2526 1977 2590 putredinis
1986 2555 2002 2580 ‚

409 2595 472 2653 &
481 2592 668 2657 permtſs
674 2602 715 2639 et
727 2594 956 2641 humorem
965 2591 1134 2644 malum
1145 2610 1246 2641 cum
1250 2595 1442 2658 putrido
1458 2627 1472 2650 ,
1500 2594 1564 2652 &⁸
1577 2591 1751 2657 resoluit
1761 2589 1972 2653 fiebtile.)
1984 2624 2005 2651 ,

411 2659 473 2718 &0
482 2657 608 2721 finit
622 2674 849 2706 remanere
861 2657 1101 2724 crqfficmd
1116 2691 1129 2706 .

120 2767 176 2806 ca
229 2773 264 2800 2·
278 2768 314 2800 ,Γ
315 2771 337 2799 a
340 2759 387 2800 l?-
490 2721 633 2784 Rafis
651 2762 670 2789 ‚
692 2732 745 2777 Ν
750 2745 806 2777 on
820 2731 955 2794 vidi(
968 2728 1042 2786 ait
1057 2728 1079 2795 )
1104 2726 1322 2777 Balneum
1324 2726 1697 2793 febricitantibus
1714 2726 1763 2773 in
1777 2722 1930 2791 aliqua
1942 2722 2012 2772 ds·-

126 2773 219 2860 alfei.
232 2828 292 2857 ιο.
399 2797 642 2869 spcfitione
658 2799 735 2872 ff
748 2798 890 2860 wilm·
911 2800 1110 2851 maxime*
1130 2807 1281 2850 tamen
1292 2797 1382 2864 ipsi
1395 2798 1548 2850 vitare
1559 2794 1732 2862 confido
1746 2794 1792 2844 in
1800 2791 2014 2907 febri‘brft

1849 2870 1919 2925 pu
1941 2869 2011 2907 n·
