2112 3214
496 126 1291 196 HISTORIA.
1602 150 1672 194 61

84 249 201 306 bern
222 248 555 323 amplificauit
569 289 584 303 .
612 251 749 303 Hinc
764 248 954 304 fastum
968 251 1036 305 est
1052 250 1294 322 deinceps
1308 267 1364 306 vt
1380 248 1545 306 mense
1565 255 1685 308 Ma-

84 329 157 390 io,
170 329 392 399 primoq.
410 328 516 381 eius
531 324 720 380 menfis‘
732 325 958 382 Sabbato
972 365 989 390 ,
1011 326 1222 399 quando
1237 326 1340 381 hoc
1355 325 1533 381 festum
1551 330 1685 383 cele-

13 453 16 472 5
83 401 256 456 bratur
270 441 285 465 ,
300 401 601 457 Sacerdotes
618 401 1008 469 circunferentes
1024 421 1113 473 per
1131 404 1393 457 ciuitatem
1414 404 1679 475 relliquias

77 476 292 532 fioribus
312 479 534 532 redimiti
550 478 844 532 incederent
870 517 884 532 .
923 480 1098 552 Qem
1119 494 1288 533 tamen
1304 497 1499 533 morem
1512 477 1678 534 saneta

11 584 14 629 3
78 555 372 627 antiquauit
385 552 628 609 Ecclefia.
1635 622 1640 623 ⁷

11 632 50 717 b
158 635 377 688 Seuerus
393 636 443 687 in
466 634 591 688 aede
607 630 672 686 ab
689 629 794 704 ipso
815 634 1042 696 condita,
1060 650 1194 706 quae
1210 631 1276 687 ad
1293 633 1432 687 mille
1445 630 1674 703 passuum

9 765 11 768 Α
80 708 222 764 extra
242 712 501 764 ciuitatem
519 709 693 763 aberat
707 747 723 771 ,
740 708 1007 780 relliquias
1027 708 1259 762 condidit
1273 706 1361 763 sub
1376 710 1675 763 Constanti-

9 791 11 806 ²
79 803 149 838 no
170 825 183 838 .
224 786 370 840 Licet
385 788 602 839 Ioannes
614 786 888 838 Diaconus
903 787 955 837 in
971 782 1283 856 Episcoporfi
1300 785 1679 856 Neapolitano-

78 879 191 914 rum
224 860 502 915 Chronicis
529 898 546 924 ,
581 876 754 913 tantae
778 858 1062 930 sepulturae
1098 861 1343 914 Ioannem
1370 858 1675 932 Episcopum

78 937 485 1006 Neapolitanum
502 933 774 989 interfuisse
791 974 806 999 ,
833 939 884 989 &
914 934 1153 990 manibus
1171 934 1267 989 suis
1285 937 1337 989 in
1355 936 1533 990 eadem
1549 937 1677 990 aede

7 1060 10 1066 .
77 1010 354 1065 condidisse
381 1012 520 1066 dicat
547 1052 559 1064 .
590 1011 752 1084 Qod
769 1031 890 1065 vero
909 1010 1071 1065 fimile
1088 1010 1229 1065 haud
1244 1013 1312 1064 est
1329 1049 1344 1074 ,
1373 1011 1584 1083 quando
1603 1009 1676 1065 as-

73 1084 189 1141 serit
205 1089 421 1142 eundem
434 1086 522 1141 sub
536 1085 762 1141 Damaso
781 1126 796 1150 ,
829 1091 881 1141 &
899 1089 1081 1141 Siricio
1099 1085 1438 1141 Pontificibus
1458 1085 1675 1141 floruisse

5 1199 6 1209 i
72 1182 107 1215 x
127 1182 146 1215 1
167 1182 185 1217 1
204 1183 223 1215 1
241 1183 261 1215 1
275 1204 287 1215 .
304 1165 683 1235 Neapolitanae
700 1162 956 1217 Ecclesiae
971 1161 1266 1217 Antistitem
1279 1200 1296 1225 ,
1314 1165 1365 1215 &
1379 1179 1550 1217 tamen
1565 1166 1674 1217 eius

3 1279 5 1290 ,
76 1241 311 1312 martyris
332 1240 593 1293 translatio
611 1239 837 1292 Puteolis
858 1238 990 1293 faeta
1005 1240 1092 1300 est,
1108 1235 1271 1292 subito
1287 1240 1674 1293 Diocletiani&

0 1312 6 1385 ξ
75 1316 380 1368 Maximiani
398 1313 874 1387 persequutionibus
892 1316 1131 1368 restinffls
1150 1330 1205 1367 vt
1221 1313 1444 1368 diximus
1461 1354 1475 1377 ,
1492 1314 1675 1368 floren-

74 1389 209 1454 tibus
230 1391 467 1445 Siluestro
486 1389 736 1443 pontifice
749 1428 765 1453 ,
788 1393 838 1443 &
863 1387 1202 1444 Constantino
1218 1392 1526 1460 Imperatore
1540 1408 1674 1462 quo-

0 1476 4 1538 ξ
74 1484 184 1520 rum
202 1468 367 1538 viguit
383 1466 597 1521 Seuerus
616 1482 782 1521 aetate
805 1503 823 1530 2
843 1466 1002 1521 veluti
1020 1485 1082 1521 ex
1102 1467 1209 1521 eius
1241 1469 1291 1520 δε
1310 1468 1530 1536 Ianuarij
1551 1485 1674 1520 con·

73 1543 169 1596 stat
188 1540 328 1597 Astis
344 1583 357 1596 .

0 1633 2 1686 ξ
88 1644 94 1646 >
136 1619 365 1689 Neapoli
382 1617 409 1671 a
427 1620 612 1674 Sicone
627 1620 1067 1674 Beneuetanorum
1083 1620 1237 1672 Duce
1255 1619 1346 1691 qui
1361 1636 1472 1672 eam
1494 1614 1670 1672 vrbem

0 1698 2 1707 ’
73 1695 297 1747 maxima
313 1692 580 1749 obsidione
596 1710 967 1766 occupauerat,
992 1696 1099 1748 eius
1125 1695 1362 1767 martyris
1382 1711 1562 1765 corpus
1582 1712 1671 1748 an-

69 1787 140 1822 no
158 1774 186 1825 8
201 1787 220 1819 1
234 1775 280 1824 8.
305 1769 367 1823 ab
381 1788 439 1823 ea
458 1789 612 1842 quam
643 1771 861 1824 diximus
878 1771 1001 1824 aede
1018 1768 1046 1823 a
1065 1772 1253 1824 Seuero
1273 1768 1425 1823 aedifi
1431 1787 1545 1823 cata
1564 1789 1671 1823 ere-

70 1862 217 1916 ptum
245 1847 313 1899 est
340 1883 358 1908 ,
385 1845 652 1918 ἀυόὶυῐηη.
681 1851 1025 1900 Beneuentum
1040 1883 1057 1909 ³
1088 1845 1175 1899 vbi
1191 1848 1241 1899 in
1259 1848 1437 1899 maiori
1457 1844 1669 1899 ecclesia

70 1939 186 1974 cum
204 1919 379 1975 sanetis
397 1923 539 1975 Festo
557 1925 607 1975 δε
632 1920 896 1976 Desiderio
915 1923 1221 1983 coiunxit‚vt
1239 1924 1602 1992 Herempertus
1616 1923 1667 1974 in

70 1996 531 2069 Longobardorum
548 1999 767 2051 Historia
786 2036 800 2059 ,
819 2001 867 2050 ὃς
884 1998 991 2050 Leo
1009 1995 1248 2051 Ostiensis
1268 1994 1486 2050 scribunt
1500 2035 1517 2060 ,
1532 2015 1666 2070 quos

70 2086 241 2125 tamen
257 2077 600 2127 Beneuentum
618 2073 959 2126 transstulerat
974 2072 1210 2146 Cyphius
1231 2075 1445 2127 Senator
1461 2111 1475 2125 .

147 2151 358 2209 Annum
375 2157 508 2208 circa
531 2174 550 2207 1
570 2174 588 2206 1
608 2172 692 2223 54.
722 2154 834 2208 cum
851 2155 1113 2209 Gulielrno
1137 2174 1155 2205 1
1169 2196 1181 2206 .
1195 2158 1543 2208 Beneuentum
1560 2171 1667 2207 ma-

71 2230 212 2283 ximo
231 2249 346 2283 cum
363 2232 586 2284 exercitu
604 2247 961 2301 recuperatum
984 2268 999 2293 ,
1028 2233 1081 2283 S.
1100 2228 1319 2283 Amatus
1337 2232 1531 2284 Montis
1549 2231 1666 2283 Vir-

70 2307 203 2377 ginis
220 2305 504 2359 monachus
518 2344 534 2368 ,
553 2310 603 2359 &
623 2308 671 2359 S.
692 2307 938 2360 Gulielmi
955 2309 1061 2359 eius
1081 2308 1364 2374 monasterii
1381 2304 1665 2359 fundatoris

70 2379 341 2450 discipulus
357 2383 568 2435 vietoria
592 2380 888 2452 praedixiffet
905 2420 920 2444 ,
937 2382 1194 2452 pollicitus
1214 2384 1282 2435 est
1299 2384 1406 2434 Rex
1424 2381 1664 2435 vietoriae

70 2457 230 2508 Motis
248 2458 473 2530 Virginis
492 2456 769 2510 Ecclesiam
788 2459 1084 2528 participem
1103 2457 1356 2510 finiturum
1374 2496 1387 2509 .
1406 2458 1525 2528 Qa
1543 2475 1666 2510 con-

71 2528 283 2601 sequuta
300 2569 316 2594 ,
331 2533 491 2585 multa
509 2534 805 2586 SanCtorum
825 2552 1037 2602 corpora
1067 2537 1118 2586 ὃς
1143 2533 1402 2603 relliquias
1421 2550 1555 2603 quae
1570 2536 1666 2584 Be·-

70 2609 557 2676 neuenti1·eperit‚ijs
574 2608 712 2662 dono
734 2609 894 2662 dedit.
911 2611 976 2661 Et
992 2611 1228 2681 quamuis
1252 2610 1550 2661 Sanctorum
1568 2625 1660 2661 no-

69 2683 207 2734 mina
224 2684 274 2735 in
291 2685 397 2735 vita
414 2685 464 2736 S.
483 2682 658 2738 Amati
675 2723 691 2747 2
711 2687 829 2738 &in
846 2687 953 2738 eius
971 2685 1073 2737 loci
1090 2686 1310 2737 Historia
1326 2685 1661 2747 reticeantur,

70 2760 355 2814 coniefftura
373 2775 539 2814 tamen
555 2762 910 2832 praeuidem'us
928 2778 1047 2816 tunc
1061 2761 1297 2834 martyris
1313 2762 1533 2829 Ianuar-ij
1551 2778 1662 2813 cor-

1563 2853 1659 2908 pus

1705 646 1897 693 Sepultura
1910 647 1948 682 S.

1706 698 1729 734 1
1731 701 1890 749 auuar'y'.

1701 1626 1726 1662 S
1728 1623 1777 1661 ico
1795 1625 1885 1663 Dux
1897 1627 1963 1663 Be-

1700 1682 1948 1716 neeeatanorz‘z

1699 1731 1841 1781 abstulit
1860 1734 1961 1769 DJae

1699 1788 1817 1835 naarij
1827 1796 1960 1836 corpus.

1696 1964 1816 2004 Lilar.
1834 1979 1928 2008 c.22.

1697 2148 1756 2184 Ad
1782 2152 1956 2191 Mentem

1696 2202 1841 2252 lagine
1851 2214 1955 2244 trans

1692 2254 1823 2294 latum.
