2112 3214
607 103 1157 172 LJBER.'
1565 124 1642 171 29

58 238 127 289 ris
145 273 160 299 ,
177 239 227 288 δε
245 231 397 288 cellas
412 229 587 285 videas
607 269 622 294 2
639 233 687 284 δε
707 230 909 284 lauacra
924 269 937 282 .
955 225 1024 301 {In
1040 223 1274 282 Thermis
1292 220 1548 278 Aetolicis
1569 237 1657 274 co-

58 314 199 365 mitia
218 307 356 362 fuiffe
374 309 567 361 creadis
583 305 956 381 magistratibus
972 305 1137 376 patrio
1155 320 1314 364 more,
1328 298 1497 353 scribit
1519 299 1657 351 Stra-
1684 293 1762 336 Lib.
1776 309 1836 339 10·

59 388 128 442 bo
145 427 158 439 .
197 383 357 455 Supra
374 383 680 438 Amasenum
699 401 881 457 agrum
904 380 1156 437 Thermae
1169 375 1282 432 sunt
1318 375 1658 431 Phazemoni-

61 480 225 517 tarum
243 461 525 515 admodum
542 458 760 514 salubres
778 501 790 513 .
818 458 958 512 Idem
979 497 992 510 .
1028 459 1157 510 Sunt
1169 453 1354 527 Astyra
1373 450 1658 506 calidarum
1687 455 1764 497 Lib.
1778 467 1838 494 η.

62 556 314 611 aquarum
330 537 548 591 Balneae
564 534 739 589 contra
758 533 1052 596 Lesbum2in
1069 550 1132 587 eo
1146 533 1265 586 vico
1282 531 1374 603 qui
1402 528 1659 582 Atarneus

63 615 376 686 appellatur.
394 611 479 666 vbi
496 629 683 684 aquam
700 614 896 684 nigram
916 612 1068 664 etiarn
1088 620 1457 662 commemorat
1475 601 1661 657 Pausa-

64 694 174 744 nias
201 694 251 743 in
271 686 556 741 Meffenicis
588 727 602 739 .
631 688 823 760 idemq.
843 686 925 739 sua
941 703 1107 740 aetate
1121 684 1187 738 ad
1210 683 1449 737 Puteolos
1480 685 1501 747 (
1516 675 1662 752 quod

66 765 319 840 Tyrrheni
336 765 486 817 maris
504 763 795 817 accolarum
816 760 1156 816 Dicaearchia
1189 761 1403 815 Graecis
1435 757 1659 820 dietum)

68 840 234 896 scribit
248 858 437 912 aquam
452 840 657 893 existere
673 837 776 892 tam
792 855 947 892 acuto
966 838 1133 891 calore
1148 834 1557 890 efferuescentem
1573 870 1589 895 ,
1605 844 1666 885 vt

71 918 198 972 intra
213 934 406 987 paucos
424 933 586 968 annos
602 914 870 985 plumbeos
887 932 974 985 per
988 932 1120 985 quos
1138 912 1249 966 fluit
1266 911 1419 966 tubos
1449 907 1668 965 resolue-

71 996 134 1047 rit
152 1033 165 1045 .
207 991 518 1045 Lebidorum
534 992 752 1045 Balneae
766 988 1060 1043 hominibus
1077 987 1294 1042 salubres
1312 1026 1329 1052 ,
1345 991 1396 1040 &
1412 986 1668 1040 admiran-

73 1070 167 1122 dae
186 1108 198 1121 .
232 1070 335 1121 Sua
355 1065 464 1121 sunt
481 1068 633 1120 etiam
653 1068 743 1120 Tei
749 1069 791 1134 js
807 1066 1012 1120 lauacra
1026 1068 1076 1118 in
1093 1080 1269 1117 monte
1288 1064 1483 1117 Macria
1500 1100 1516 1126 ,
1552 1077 1669 1133 par·-

73 1147 164 1199 tim
180 1144 439 1198 elaborata
456 1142 484 1196 e
501 1140 775 1197 cauernoso
789 1140 908 1196 saxo
926 1139 1303 1212 erumpentibus
1334 1140 1481 1211 aquis
1503 1175 1519 1201 2
1552 1153 1670 1207 par-

62 1223 168 1275 ‘tim
197 1221 263 1274 ad
290 1238 444 1291 opum
478 1220 866 1273 ostentationem
898 1233 1144 1271 exornata
1161 1256 1174 1269 .
1219 1215 1426 1269 Habent
1452 1228 1670 1286 quoque

75 1297 401 1364 Clazomenij
419 1295 622 1348 lauacra
640 1334 653 1348 .
683 1292 768 1348 Ad
782 1313 841 1348 ea
856 1291 1216 1367 Agamemnon
1235 1292 1437 1354 colitur>
1454 1291 1672 1344 ibidem-

75 1391 179 1445 que
198 1389 395 1425 antrum
414 1370 694 1443 Nymphae
708 1389 840 1443 quae
858 1369 1040 1443 Pyrrhi
1059 1385 1220 1422 mater
1235 1368 1442 1422 dicitnr.
1487 1368 1545 1419 In
1559 1364 1670 1418 Eri-

75 1450 264 1502 thraeis
280 1446 361 1519 ssest
389 1446 642 1501 Chalcitis
669 1449 812 1520 regio
829 1445 856 1500 a
871 1465 976 1518 qna
993 1447 1140 1499 tertia
1158 1442 1375 1515 ipsorum
1394 1441 1552 1497 tribus
1574 1457 1671 1493 no-

77 1526 300 1578 minatur
317 1563 330 1576 .
378 1525 595 1595 Porrigit
611 1520 657 1576 se
673 1541 736 1576 ex
752 1521 1052 1577 Chalcitide
1066 1525 1118 1574 in
1131 1520 1342 1593 pelagus
1362 1533 1670 1590 promonto-

75 1603 207 1656 rium
225 1637 241 1663 ,
268 1601 318 1653 in
337 1617 445 1671 quo
461 1600 766 1652 marinarum
797 1616 1044 1670 aquarum
1059 1592 1311 1651 scatebrae
1341 1595 1551 1649 Balneas
1567 1589 1673 1646 effi-

77 1679 219 1731 ciunt
245 1678 476 1728 omnium
506 1693 642 1748 quae
673 1677 724 1727 in
756 1676 901 1728 Ionia
929 1672 1043 1728 sunt
1059 1674 1222 1746 aegris
1239 1671 1459 1725 maxime
1477 1670 1623 1724 vtiles
1648 1707 1663 1722 .

79 1755 227 1808 quta
245 1749 465 1806 Genesat
480 1751 915 1823 Stagnum2aquas
933 1748 1027 1803 effe
1043 1750 1233 1804 calidas
1251 1747 1398 1800 refert
1410 1743 1670 1816 Iosephus.
1701 1776 1780 1818 Lib.
1793 1778 1853 1817 ¹3·

79 1826 380 1882 Athenaeus
401 1827 514 1880 cnm
534 1826 806 1880 multarum
820 1844 1069 1898 aquarum
1103 1826 1415 1878 mentionem
1448 1819 1639 1875 fecisset
1654 1858 1671 1883 ‚

79 1908 130 1960 &
147 1903 309 1975 Aegis
327 1905 376 1955 in
393 1903 581 1956 Cilicia
598 1940 615 1964 ,
644 1905 696 1955 &
713 1900 947 1975 Tragafis
981 1902 1046 1954 ad
1071 1898 1312 1954 Larissam
1332 1937 1348 1961 ,
1378 1902 1429 1953 &
1452 1898 1672 1952 Troadis

86 1981 218 2036 circa
232 1976 546 2051 Magnesiam
565 2016 580 2040 ,
595 1981 646 2030 &
664 1980 770 2031 eius
790 1996 927 2049 quae
944 1979 995 2030 in
1010 1978 1152 2031 Melo
1167 1977 1386 2047 ‚Lipara
1399 2013 1416 2038 ,
1435 1977 1484 2028 &
1502 1970 1670 2032 Prusa;

82 2059 133 2109 &
150 2056 256 2108 eins
281 2071 414 2124 quae
435 2054 663 2125 Olympo
682 2052 881 2126 Mysiae
899 2054 1098 2107 adiacet
1114 2091 1129 2115 ,
1164 2070 1321 2124 quam
1339 2052 1551 2124 Regiam
1582 2067 1675 2103 vo-

89 2133 280 2192 cant,&
300 2131 405 2182 eius
421 2131 621 2200 quaein
639 2127 763 2182 Asia
780 2127 1157 2201 circaThralles
1175 2146 1330 2201 quam
1345 2126 1547 2180 dulcem
1560 2122 1678 2179 scri-

86 2206 163 2260 bit
179 2203 273 2258 effe
291 2242 307 2267 ‚
324 2206 530 2258 tandem
545 2207 616 2258 ait
630 2222 817 2276 aquam
833 2222 968 2277 quae
984 2205 1050 2259 ad
1061 2206 1227 2267 Βαίας,
1240 2205 1591 2274 Baianumque
1608 2201 1678 2255 est

87 2281 267 2344 finum,
285 2279 392 2333 bibi
407 2298 509 2333 non
522 2278 658 2352 posse
675 2320 688 2334 .
712 2279 785 2334 At
800 2278 919 2335 vero
937 2299 1053 2335 cum
1069 2278 1298 2334 infelices
1315 2297 1482 2352 aquae
1497 2277 1594 2331 fint
1611 2275 1678 2330 ad

86 2355 481 2427 Thermophilas
500 2358 749 2427 quoniam
767 2356 990 2411 maxime
1007 2351 1270 2420 coenosae,
1288 2355 1574 2410 &monstra
1588 2369 1677 2407 va-

86 2435 162 2498 ·rja
195 2435 413 2505 gignunt
443 2454 456 2491 3
491 2430 791 2487 feliciffimas
819 2451 983 2506 aquas
1010 2435 1227 2488 Baianas
1257 2429 1642 2485 existimauerim
1660 2464 1678 2491 ,

91 2507 394 2581 quipp-enee
411 2508 511 2562 vlla
527 2510 745 2563 monstra
759 2525 1029 2582 generant,
1054 2512 1106 2562 δε
1125 2507 1359 2564 dulcibus
1377 2507 1524 2578 aquis
1543 2521 1679 2576 quae

91 2600 357 2655 erumpunt
375 2581 621 2638 finitimae
635 2623 654 2648 ,
671 2588 722 2639 δε
738 2587 865 2642 mari
883 2585 1011 2639 adeo
1029 2603 1157 2656 puro
1174 2623 1190 2646 ‚
1208 2587 1258 2637 ὃς
1276 2581 1554 2654 tranquillo
1583 2618 1598 2642 ,
1623 2595 1681 2633 vt

90 2678 241 2714 nemo
258 2656 303 2713 se
321 2660 369 2711 in
387 2659 513 2711 illud
527 2662 796 2715 immittere
809 2699 824 2723 ,
846 2663 1080 2734 quamuis
1098 2658 1274 2713 natadi
1289 2660 1679 2727 imperitusmon

90 2750 301 2806 exoptet
317 2775 330 2788 .
372 2735 562 2790 Plinius
580 2738 726 2809 aquis
746 2738 984 2809 Satyellis
1002 2739 1054 2790 in
1071 2736 1280 2808 Liguria
1298 2772 1314 2797 ,
1349 2737 1399 2786 ἃ
1420 2735 1609 2798 Sefztijs
1633 2734 1682 2783 in

1479 2806 1686 2863 Narbo-
